1718 2859
749 121 801 129 ..-
883 97 930 138 11
1010 118 1060 128 .-

246 202 615 252 litteras-*excolere
643 204 898 245 studuerunt.
927 203 1014 243 Huc
1043 202 1212 249 accedit,
1240 203 1286 240 nt
1312 210 1376 239 res
1404 199 1565 252 publica

236 276 420 317 liberata
448 290 473 317 a
502 278 684 329 tyrannis
700 310 710 326 ‚
739 279 807 329 qui
833 278 993 329 quidem
1022 277 1102 327 ipsi
1132 275 1279 315 artium
1307 277 1429 326 atque
1454 273 1577 318 litte-3

245 361 383 390 rarum
411 349 622 404 splendore
650 350 967 391 dominationem
1004 360 1202 389 exornare
1239 346 1480 400 cupiebant,
1512 347 1565 387 ad

247 424 401 464 nobiles
431 426 558 472 venit,
602 412 670 477 qni
707 425 856 464 virtute
896 430 1015 475 atque
1052 421 1322 462 aemulatione
1351 421 1449 461 elati
1478 422 1562 461 suis

246 496 411 537 urbibus
440 498 548 537 omni
576 498 694 538 modo
722 496 896 547 gloriam
922 507 1100 547 opesque
1142 505 1380 546 compa-rare
1425 492 1563 534 stude-

244 569 355 609 bant.
415 571 552 622 Neque
592 570 692 609 illud
735 570 1072 621 praetereundum
1112 568 1210 607 mihi
1261 568 1421 607 videtur
1462 580 1563 614 esse,

245 643 351 693 quod
382 643 583 682 scribendi
612 654 678 682 ars
707 642 768 682 his
796 641 1059 694 temporibus,
1085 641 1121 680 si
1149 654 1229 680 non
1255 641 1420 680 inventa
1443 644 1564 680 estat

246 716 355 754 certe
382 714 424 754 in
448 714 668 755 multorum
696 727 815 755 usum
842 715 964 755 venit.
1002 712 1088 754 Iam
1114 714 1334 754 videndum
1363 717 1446 762 est,
1474 713 1562 754 fieri

243 800 322 827 non
353 789 556 840 potuisse,
596 789 693 840 quin
721 788 820 828 haec
848 781 962 828 aetas
998 800 1134 827 omnes
1165 787 1290 827 animi
1317 788 1423 827 vires
1453 786 1563 827 exci-

244 865 350 902 taret
376 874 545 915 eamque
573 862 851 912 ingrederetur
879 861 1008 909 viam,
1050 860 1162 901 cuius
1198 861 1317 901 finem
1355 859 1459 900 bello
1489 859 1563 900 Pe-

242 934 526 986 loponnesiaco
571 937 694 975 situm
735 948 895 987 semper
939 934 1163 984 lugebimus
1176 933 1221 986 ¹).
1275 934 1328 974 Ut
1368 935 1562 974 orientem

239 1007 559 1060 philosophiam,
601 1008 875 1048 florescentem
905 1008 1056 1059 lyricae
1084 1008 1216 1059 poesis
1246 1006 1421 1054 cultum,
1460 1006 1563 1059 phy-

238 1080 343 1120 sices
374 1080 506 1132 prima
532 1082 938 1125 initia—o1nittamus,
967 1093 1100 1120 rerum
1128 1083 1334 1130 gestarum
1362 1080 1560 1132 memoria

236 1156 454 1205 poetarum
483 1167 674 1194 numeros
703 1154 842 1205 effugit
879 1154 1018 1205 suique
1044 1153 1142 1192 iuris
1171 1165 1258 1192 esse
1286 1152 1469 1193 omnibus
1499 1153 1559 1192 vi-
1593 1186 1598 1191 .

236 1226 353 1265 ribus
383 1228 602 1267 contendit.
657 1227 834 1267 Evanuit
871 1227 943 1266 illa
969 1227 1125 1278 poesis,
1158 1239 1259 1278 quae
1287 1239 1425 1266 omnes
1453 1231 1560 1266 artes

179 1324 185 1327 -
238 1298 554 1352 disciplinasque
582 1302 752 1341 rotundo
781 1313 848 1340 ore
876 1300 1211 1353 pronuntiaverat
1239 1303 1279 1340 et
1306 1304 1350 1340 ut
1377 1299 1560 1350 singulae

239 1372 358 1411 urbes
387 1373 652 1424 civitatesque
683 1374 804 1413 certis
845 1373 989 1412 finibus
1033 1373 1362 1424 circumscriptae
1392 1374 1559 1411 exst-ite-

236 1449 344 1492 runt,
374 1446 433 1485 ita
461 1449 568 1485 artes
598 1457 756 1498 quoque
784 1446 1070 1498 doctrinaeque
1099 1457 1215 1484 suum
1245 1457 1422 1498 quaeque
1452 1446 1560 1497 cepit

238 1529 381 1567 agrum
410 1518 744 1571 curriculumque.
800 1519 889 1558 Non
920 1531 1155 1570 quocunque
1182 1519 1322 1566 modo,
1365 1522 1411 1557 ut
1438 1522 1560 1558 antea

244 1591 481 1630 audentium
508 1591 728 1643 voluptati,
767 1592 839 1631 sed
866 1614 918 1619 -—
947 1592 1129 1642 quamvis
1168 1591 1322 1630 occulte
1362 1592 1479 1630 initio
1507 1613 1559 1618 —

238 1662 407 1702 utilitati
435 1664 630 1703 inservire
659 1664 878 1704 studebant
903 1664 1075 1711 litterae,
1104 1677 1272 1716 quarum
1288 1677 1367 1703 non
1395 1663 1560 1703 ultimae

236 1735 429 1775 historiae
458 1739 582 1775 erant.
614 1737 671 1776 Ne
700 1736 843 1787 longus
873 1738 971 1777 sim.
1003 1736 1192 1784 nonnulli,
1213 1737 1454 1776 exstiterunt
1482 1738 1557 1777 viri

233 1808 340 1860 iique
371 1809 453 1848 fere
481 1821 619 1848 omnes
649 1811 816 1858 originis
846 1809 992 1857 Ioniae,
1037 1811 1106 1861 qui
1134 1810 1254 1849 rebus
1283 1814 1403 1849 antea
1432 1812 1557 1860 gestis

236 1882 460 1921 tractandis
489 1894 658 1934 operam
687 1883 895 1922 dederunt.
956 1883 1128 1930 Quorum
1170 1886 1343 1923 aetatem
1372 1883 1406 1922 si
1435 1884 1556 1923 certis

232 1954 380 1994 finibus
397 1955 725 2011 circumscribere
740 1954 936 2003 volumus,
967 1956 1016 1996 ab
1033 1956 1091 1996 01.
1109 1956 1321 1996 XXXX—
1334 1956 1393 1997 Ol.
1404 1956 1551 1997 LXXV

234 2028 361 2066 fuisse
391 2029 653 2067 statuendum
680 2033 754 2068 est.

234 2137 397 2144 ——-----
403 2140 425 2143 -
436 2140 482 2145 -.

249 2217 271 2253 ζ
319 2215 357 2258 1)
384 2215 561 2248 Utilissima
585 2220 634 2248 est
656 2202 852 2259 comparatio
875 2219 968 2250 liuius
992 2218 1188 2250 Graecorum
1222 2220 1334 2251 aciatis
1359 2230 1427 2251 cum
1451 2222 1555 2251 aelate

232 2280 334 2311 nostri
357 2279 469 2320 populi
492 2289 549 2318 ca,
597 2290 655 2322 qna
690 2281 839 2314 defuncto
873 2282 1070 2323 imperatore
1093 2282 1262 2315 Friderico
1287 2282 1319 2315 11
1343 2283 1441 2315 urbes
1463 2283 1554 2315 efflo-

232 2344 368 2372 ruerunt
390 2352 564 2383 eorumque
589 2343 674 2374 cives
708 2353 776 2374 cuin
809 2343 888 2375 alias
920 2347 1006 2376 artes
1037 2345 1262 2386 doctrinasque
1294 2349 1358 2377 tum
1384 2347 1554 2379 historiam

230 2404 454 2446 (Chronikon)
483 2404 727 2446 diligentissime
751 2408 933 2439 tractabant
956 2411 1049 2451 atquc
1073 2408 1270 2449 excolebant.
1294 2393 1297 2395 ¹
