1718 2859
759 173 930 224 -751
1014 194 1066 203 ..-

232 277 386 318 factum
415 282 522 319 esset
559 278 602 318 id
637 279 924 331 pronuntiare,
961 278 1032 319 sed
1076 276 1222 326 etiam,
1279 288 1357 328 quo
1396 275 1560 317 consilio

237 362 392 403 quaque
419 352 575 391 ratione
591 355 708 402 gesta
735 354 871 392 essent
892 351 1182 391 demonstrare.
1211 349 1399 390 Scribere
1426 351 1561 389 autem

232 422 382 463 bellum
413 437 489 476 quo
516 425 662 464 initum
706 423 867 464 consule
904 429 945 464 et
973 422 1180 476 ,quomodo
1223 423 1452 464 confectum
1492 421 1558 470 sit,

232 508 314 535 non
342 498 578 548 praedicare
609 501 742 536 autem
782 497 958 545 interea,
998 496 1094 549 quid
1128 499 1294 536 senatus
1332 495 1557 535 decreverit

233 572 304 608 aut
331 581 433 620 quae
460 568 536 619 lex*
555 570 760 618 rogatiove
796 567 881 606 lata
921 568 974 607 sit
1014 579 1143 618 neque
1187 566 1331 618 quibus
1372 566 1553 607 consiliis

233 652 281 679 ea
308 645 423 690 gesta
450 641 558 680 sint:v
578 640 620 679 id
634 640 793 680 fabulas
821 640 956 691 pueris
967 643 1029 679 est
1056 651 1235 687 narrare,
1263 651 1344 679 non
1360 638 1552 682 historias

236 711 453 752 scribere.⁶·‘

237 785 241 787 ¹
338 796 476 848 Neque
503 796 723 836 indiscreta
751 795 886 835 omnia
925 807 1123 835 annorum
1159 796 1262 835 serie
1297 808 1365 835 eos
1405 808 1552 836 conne-

231 868 354 915 xisse,
383 872 428 908 ut
454 870 496 909 in
523 867 603 908 iilis
628 868 862 920 pontificum
882 867 1107 915 annalibus,
1136 879 1226 907 cum
1248 879 1320 920 per
1342 880 1385 908 se
1403 865 1553 920 proba-

231 941 310 982 bile
323 946 395 990 est,
424 946 510 982 tum
532 942 665 983 verbis
676 942 839 982 Catonis
852 940 1139 992 comprobatur
1152 944 1203 989 ¹):
1234 942 1352 989 „Non
1378 940 1548 981 lubet—

229 1015 345 1054 ait-
373 1015 571 1064 scribere,
610 1015 717 1068 quod.
759 1014 802 1053 in
828 1013 969 1054 tabula
1006 1014 1114 1066 apud
1149 1015 1380 1066 pontificem
1414 1015 1545 1053 maxi-

227 1090 340 1126 mum‘
364 1092 437 1136 est,
465 1089 648 1139 quotiens
675 1099 835 1127 annona
864 1099 970 1134 cara,
1000 1088 1184 1138 quotiens
1212 1087 1331 1127 lunae
1360 1091 1431 1126 aut
1446 1087 1546 1126 solis

227 1145 376 1200 lumine
405 1160 535 1211 caligo
564 1164 634 1200 aut
661 1160 757 1212 quid
786 1158 1026 1199 obstiterit.“

337 1244 442 1283 Num
470 1245 564 1283 Vero
584 1243 796 1283 consilium
825 1243 1045 1290 (,‚ideam“)
1073 1242 1298 1291 habuerint,
1329 1256 1406 1295 quo
1426 1255 1544 1295 prae-

225 1316 340 1367 cipue
371 1316 482 1356 dueti
511 1314 619 1356 alias
642 1327 706 1355 res
722 1316 942 1363 omiserint,
972 1315 1073 1354 alias
1105 1316 1324 1372 memoriae
1353 1316 1544 1367 prodide-

224 1389 318 1437 rint,
348 1388 450 1429 alias
479 1388 679 1441 copiosius
708 1372 984 1437 tractaverint,
1013 1387 1115 1428 alias
1143 1392 1302 1428 tantum
1319 1389 1540 1439 attigerint,

222 1474 303 1501 non
329 1463 413 1503 iam
439 1462 667 1503 discernere
706 1471 950 1514 possumus*
990 1462 1070 1502 Sed
1106 1474 1196 1501 cum
1234 1463 1394 1502 omnino
1430 1464 1541 1516 apud

222 1521 424 1588 antiquos*
437 1535 639 1576 sententia
665 1534 839 1583 valeret,
867 1534 1079 1575 historiam
1116 1535 1224 1574 vitae
1264 1539 1304 1575 et
1346 1536 1541 1576 virtutum

221 1610 310 1648 esse
338 1607 483 1648 debere
510 1603 762 1658 magistram,
788 1607 863 1648 hoc
891 1607 1103 1648 consilium
1121 1604 1427 1659 antiquissimos
1440 1622 1538 1661 quo-

222 1692 297 1733 que
324 1680 595 1721 Romanorum
622 1681 839 1733 scriptores
867 1681 910 1721 in
936 1680 1055 1721 rebus
1092 1680 1288 1731 eligendis
1325 1684 1541 1736 praecipue

207 1756 379 1804 *secutos
408 1765 496 1794 esse
523 1754 611 1794 iure
652 1755 933 1806 suspicamur,
977 1756 1217 1809 praesertim
1254 1768 1345 1795 cum
1382 1757 1540 1797 nobiles

218 1824 280 1866 illi
308 1826 386 1867 viri
412 1827 583 1867 virtutes
610 1839 704 1867 vere
731 1826 935 1867 Romanas
964 1838 1038 1867 sua
1065 1827 1148 1867 iam
1176 1831 1308 1868 aetate
1335 1828 1536 1882 paulatim

220 1898 408 1952 delapsas
436 1903 476 1940 et
492 1899 737 1941 Graecorum
763 1899 928 1940 levitate
958 1903 998 1940 et
1014 1900 1177 1940 luxuria
1206 1913 1424 1954 oppressas
1446 1915 1538 1943 sen-

217 1971 354 2012 tirent.
411 1972 533 2014 Cuius
560 1973 619 2013 rei
645 1977 692 2014 ut
719 1972 906 2025 exempla
933 1973 1161 2022 afferamus,
1189 1973 1233 2014 L.
1252 1974 1362 2028 Calp.
1382 1974 1539 2017 Pisonis

221 2045 449 2096 fragmenta
475 2046 775 2097 investigemus.
829 2046 985 2100 Ubique
1023 2047 1130 2087 enim
1156 2046 1225 2087 ille
1266 2049 1328 2087 vir
1365 2049 1414 2088 ob
1451 2062 1537 2088 mo-

215 2130 308 2159 rum
356 2119 634 2171 integritatem
682 2123 721 2161 et
767 2119 1043 2170 frugalitatem
1090 2120 1325 2170 cognomine
1360 2120 1536 2171 „Frugi“

222 2194 398 2241 ornatus,
427 2193 662 2245 aequalibus
689 2194 773 2233 suis
801 2192 1122 2233 luculentissima
1150 2193 1311 2233 virtutis
1337 2193 1539 2235 humanae

222 2264 407 2318 exempla
444 2278 671 2319 proponere
717 2265 863 2306 studet.
911 2264 998 2306 Hoc
1046 2265 1216 2308 consilio
1255 2267 1407 2307 factum
1453 2280 1541 2308 esse

298 2450 333 2492 1)
358 2450 443 2484 ceu.
472 2451 512 2485 N.
540 2454 578 2485 A.
604 2452 649 2494 ιι,
673 2452 726 2493 28,
752 2452 780 2486 6.
