1718 2859
689 220 740 228 ..-
820 196 871 237 33
952 219 1004 226 ..-

202 304 262 344 rei
289 303 562 343 testimonium
590 315 611 342 e
639 303 801 344 Catonis
830 302 945 351 libro,
975 302 1043 355 qui
1069 300 1293 353 inscriptus
1323 300 1413 339 erat
1439 299 1518 347 „de

200 376 405 416 moribus“
434 377 716 428 depromptum
743 376 913 425 legimus
946 375 1054 427 apud
1089 373 1262 415 Gellium
1275 373 1332 426 ι)τ
1388 370 1517 421 „Poe-

138 454 140 456 ’
198 449 305 488 tieae
334 449 433 488 artis
461 448 585 488 honos
613 461 695 488 non
724 451 832 495 erat;
859 448 896 487 si
923 448 990 499 qui
1016 448 1058 487 in
1086 460 1134 487 ea
1159 449 1205 486 re
1224 445 1417 487 studebat
1444 448 1517 485 aut

200 532 287 560 sese
316 521 367 560 ad
395 522 580 561 convivia
608 521 851 572 applicabat,
879 524 1087 569 grassator
1122 519 1381 559 vocabaturf‘
1425 519 1512 559 An-

198 595 435 646 tiquissimis
477 600 613 634 autem
652 593 900 646 temporibus
938 596 1151 644 poetarum
1184 604 1330 632 nomen
1364 592 1407 631 in
1441 591 1511 632 ho·

196 674 293 706 nore
320 679 400 706 non
426 667 550 705 fuisse
579 666 784 706 Ciceronis
813 666 1013 705 sententia
1041 678 1086 705 eo
1126 677 1284 717 quoque
1312 665 1512 717 conspici-

195 744 273 788 tur,
302 740 409 791 quod
436 752 486 778 ne
514 740 677 779 Catonis
707 739 866 791 quidem
895 742 1074 790 tempore
1103 738 1363 791 opprobrium
1390 738 1510 778 abeo

196 812 375 852 cesserit-
405 812 526 851 Cuius
556 811 680 851 verba
707 814 801 850 sunt
836 810 1003 860 liaee²):
1060 810 1296 858 „Honorem
1321 811 1414 850 huie
1442 822 1511 860 ge-

193 886 280 925 neri
309 885 497 936 (poetico,
527 884 751 923 carminum
768 883 1053 935 convivalium)
1082 896 1162 922 non
1190 883 1316 923 fuisse
1331 884 1514 924 declarat

194 959 323 998 oratio
354 958 537 1004 Catonis,
566 958 608 996 in
637 969 715 1008 qua
752 956 891 1002 obiicit
917 959 962 995 ut
1000 955 1191 1008 probrum
1219 955 1271 995 M.
1301 956 1510 1005 Nobiliori,

194 1031 300 1082 quod
329 1031 364 1070 is
392 1031 435 1070 in
463 1031 711 1082 provinciam
740 1034 880 1083 poetas
917 1030 1117 1070 duxerit.“
1162 1030 1242 1069 Sed
1270 1030 1366 1081 quid
1395 1031 1509 1070 testi-

195 1104 341 1144 moniis
371 1116 471 1162 opus
500 1108 579 1152 est,
611 1117 700 1144 cum
729 1117 773 1143 eo
804 1116 957 1156 quoque
985 1107 1183 1155 tempore,
1220 1116 1296 1156 quo
1324 1104 1508 1156 praecla-

195 1177 347 1217 rissimi
376 1178 617 1217 exstiterunt
642 1181 784 1229 poetae
813 1177 1006 1229 populum
1034 1176 1259 1216 Romanum
1286 1176 1392 1217 ludis
1421 1176 1508 1228 gla-

193 1250 391 1297 diatoriis,
420 1262 603 1289 ursorum
633 1249 698 1289 vel
734 1249 916 1301 pugilum
958 1249 1242 1288 certaminibus
1278 1251 1409 1300 magis
1436 1252 1507 1291 de-

190 1320 388 1361 lectatum
419 1334 505 1361 esse
535 1325 701 1368 constet,
731 1334 851 1373 quam
878 1325 1087 1373 poetarum
1118 1319 1361 1375 ope1·ibus.³)

291 1393 449 1441 Quibus
480 1394 665 1434 omnibus
695 1395 960 1434 consideratis
981 1407 1058 1434 non
1071 1395 1153 1433 iam
1167 1395 1370 1443 miremur,
1400 1397 1507 1448 quod

188 1467 297 1518 apud
324 1466 525 1506 Romanos
553 1479 651 1515 non,
694 1470 738 1507 ut
772 1468 881 1519 apud
918 1466 1093 1507 Graecos
1121 1467 1345 1507 invenimus
1374 1469 1502 1509 eonti-

186 1551 268 1578 nua
307 1540 504 1590 quaedam
540 1540 720 1579 earmina
756 1540 888 1591 epiea,
932 1540 1075 1591 quibus
1117 1541 1245 1579 omnis
1282 1542 1504 1593 primorum

184 1617 410 1665 temporum
437 1613 631 1652 memoria
662 1613 720 1652 ita
748 1613 801 1652 sit
828 1613 991 1661 tradita,
1019 1617 1063 1653 ut
1091 1626 1141 1653 ex
1170 1614 1220 1653 iis
1249 1615 1348 1654 artis
1375 1614 1502 1655 histo-

187 1686 299 1725 ricae
328 1686 444 1725 initia
472 1687 582 1736 gigni
610 1690 650 1726 et
678 1686 845 1738 prodire
873 1690 1049 1738 possent.
1079 1686 1152 1726 His
1180 1699 1275 1727 vero
1302 1692 1505 1740 repugnat

190 1759 392 1798 sententia
419 1759 495 1797 viri
523 1759 748 1799 doctissimi
776 1763 815 1799 et
833 1760 882 1799 de
899 1759 1093 1799 historiae
1122 1761 1352 1810 cognitione
1381 1775 1502 1814 quam

184 1831 359 1870 maxime
383 1831 528 1878 meriti,
557 1831 774 1878 Niebuhrii,
807 1832 873 1883 qui
902 1833 1038 1883 quinto
1069 1832 1180 1872 urbis
1201 1834 1360 1873 saeculo
1384 1836 1500 1886 epica

183 1904 348 1943 maioris
378 1903 655 1956 amplitudinis
684 1908 871 1956 poemata
897 1905 1019 1944 fuisse
1050 1906 1276 1954 contendit,
1305 1919 1325 1946 e
1355 1907 1499 1960 quibus

181 1976 224 2016 in
252 1977 475 2017 orationem
516 1977 743 2029 pedestrem
782 1977 915 2017 soluta
943 1978 1017 2023 sit,
1056 1991 1158 2030 quae
1186 1980 1295 2031 apud
1323 1993 1396 2020 nos
1425 1994 1499 2034 ap-

182 2049 357 2106 pellatur
399 2063 538 2101 regum
574 2050 757 2091 historia.
788 2050 897 2099 Quae
926 2052 1002 2091 viri
1032 2052 1272 2104 amplissimi
1300 2056 1500 2094 sententia

179 2135 259 2162 non
287 2136 451 2174 prorsus
480 2123 556 2163 hoe
585 2124 672 2163 loco
710 2125 1005 2175 praetereunda
1035 2125 1204 2164 videtur.
1254 2126 1386 2177 Atque
1414 2128 1497 2178 pri-

262 2309 298 2349 1)
322 2309 362 2341 N.
387 2312 425 2342 Α.
451 2311 503 2349 XI,
530 2314 558 2343 2.
583 2311 602 2343 5
627 2310 676 2343 cd.
701 2311 745 2343 M.
771 2311 880 2344 Hertz.

260 2373 296 2412 2)
321 2372 413 2405 Tusc.
433 2373 485 2411 lv,
512 2377 544 2405 2.

267 2433 305 2475 3)
340 2434 467 2467 Terent.
493 2436 745 2477 Requproleg.
772 2446 802 2468 v,
826 2436 868 2476 43
892 2436 973 2468 auor
997 2438 1123 2478 prolog.
1146 2438 1201 2476 26,
1227 2438 1288 2479 313
1335 2440 1414 2472 Hor.
1448 2451 1497 2483 ep.

177 2498 219 2535 ΙΙ,
239 2499 264 2528 1.
291 2496 378 2537 1853
401 2498 468 2530 Cic.
497 2500 568 2531 Cat.
593 2498 698 2531 Maior
720 2500 772 2541 IV,
796 2499 848 2533 12.
1135 2532 1154 2556 ᾳ

1218 2564 1243 2603 3
