1718 2859
667 217 718 225 ....
800 194 852 234 54
938 218 984 223 .-

162 299 270 340 enim
298 300 689 352 quandam,forman
716 300 880 350 ingenii,
909 301 980 340 sed
1008 301 1225 341 admodum
1251 302 1488 353 impeditam

163 375 204 414 et
229 372 350 425 plane
377 373 530 415 rudem.
584 373 770 425 Origines
812 386 907 414 vero
928 386 1040 414 rcum
1077 374 1261 414 omnibus
1300 376 1487 430 oratoriis

157 435 346 498 laudibus
387 447 563 487 refertas
609 448 765 487 diceres
806 451 845 486 et
885 449 1077 487 Catonem
1120 459 1210 487 eum
1247 447 1417 489 Philisto
1447 452 1488 487 et

155 517 389 572 Thucydide
418 532 692 574 comparares,
723 520 900 561 Brutone
929 524 969 561 te
998 521 1039 561 id
1068 520 1261 561 censebas
1295 533 1348 561 an
1386 521 1484 562 mibi

155 592 449 647 probaturum?
478 594 585 640 Quos
615 594 721 632 enim
746 606 795 632 ne
824 606 844 632 e
875 594 1040 632 Graecis
1071 595 1232 645 quidem
1270 595 1484 646 quisquam

153 665 306 707 imitari
332 669 493 720 potest,
539 667 590 707 iis
627 670 672 727 tu
710 679 923 720 comparas
961 667 1175 708 hominem:
1201 667 1484 715 Tusculanum,

152 739 335 780 nondum
363 741 651 792 suspicantem,
681 740 799 793 quale
829 745 935 781 esset
964 741 1125 792 copiose
1154 743 1194 780 et
1234 744 1376 780 ornate
1415 741 1480 780 di-

153 815 351 852 cere?“--
379 813 488 861 Quae
516 814 668 872 iudicia
696 814 857 854 diversa
885 818 924 854 et
946 815 1241 866 quodammodo
1271 815 1478 866 contraria.

150 885 295 926 melius
322 886 611 936 intelligemus,
640 888 675 926 si
703 888 1040 939 reputaverimus,
1072 888 1167 938 quid
1204 891 1373 938 uterque
1410 887 1481 927 ho·

149 970 240 999 rum
266 959 445 999 virorum
472 960 718 1011 spectaverit
727 976 736 1007 ;
766 961 907 999 Cicero
935 960 1190 1011 antiquitatis
1207 961 1287 999 vim
1317 965 1357 1000 et
1382 973 1480 1010 gra·-

150 1031 318 1070 vitatem
346 1036 614 1084 prosecutus,
641 1045 748 1087 ‘eam
800 1032 1035 1084 aequalibus
1065 1033 1161 1081 suis,
1191 1034 1258 1086 qui
1290 1033 1396 1074 ela-to
1440 1038 1480 1074 et

148 1105 303 1146 tumido
331 1105 498 1152 Asiano,
528 1107 595 1157 qui
626 1110 815 1151 vocatur,
864 1106 1024 1144 (licendi
1065 1106 1200 1154 generi
1243 1106 1475 1160 studebant,

147 1178 430 1217 commendare
459 1178 607 1226 voluit;
637 1190 757 1230 quam
794 1178 844 1217 ob
888 1191 972 1217 rem
1014 1178 1296 1229 antiquitatis,
1336 1182 1380 1218 ut
1417 1179 1477 1219 ita

144 1250 292 1298 dicam,
319 1255 457 1303 partes
486 1250 688 1303 suscepit;
717 1252 877 1291 Atticus
908 1254 1049 1290 contra
1077 1250 1261 1290 excultae
1300 1255 1339 1290 et
1367 1251 1475 1303 poli-

144 1326 210 1363 tae
238 1324 301 1363 sui
328 1325 523 1376 temporis
552 1324 768 1364 elocutioni
796 1324 1011 1374 indulgens
1039 1324 1147 1363 idem
1187 1323 1268 1364 illis
1309 1318 1473 1364 Catonis

141 1397 305 1449 scriptis
350 1397 527 1437 tribuere
574 1410 654 1437 non
694 1398 836 1449 potuit.
893 1397 946 1436 Et
988 1397 1076 1448 ipse
1122 1397 1283 1449 quidem
1330 1397 1470 1437 Cicero

141 1468 395 1522 aliquantum
422 1471 465 1510 in
492 1471 619 1510 Attici
657 1471 898 1510 sententiam
928 1471 1072 1510 cedere
1107 1470 1267 1510 videtur
1304 1470 1467 1509 dicens:

139 1542 365 1589 „Volvendi
394 1547 489 1582 sunt
517 1544 682 1583 Catonis
710 1543 828 1590 libri;
858 1542 1059 1591 intelliges
1089 1543 1187 1581 nihil
1214 1542 1322 1580 illius
1341 1542 1468 1581 linea·

135 1616 297 1663 mentis,
326 1616 404 1655 nisi
425 1628 563 1656 eorum
591 1618 903 1668 pigmentorum,
933 1626 1034 1667 quae
1076 1615 1262 1653 inventae
1290 1614 1467 1654 non-dum

138 1691 269 1735 erant,
299 1688 439 1728 florem
468 1693 506 1728 et
535 1688 710 1728 calorem
735 1689 948 1728 defuisse“.
997 1687 1104 1735 Quae
1134 1688 1268 1727 omnia
1296 1688 1330 1726 si
1360 1687 1468 1737 cogi—

135 1761 358 1803 taverimus
387 1763 430 1801 in
473 1765 643 1814 utraque
687 1762 888 1801 sententia
938 1775 1018 1801 non
1062 1759 1161 1801 nihil
1205 1761 1289 1800 veri
1332 1761 1465 1801 inesse

136 1834 379 1882 fatebimur,
415 1836 521 1886 quod
550 1848 627 1886 quo
666 1835 809 1874 melius
847 1834 1405 1884 intelligaturfragmentum
1442 1846 1464 1873 e

133 1907 299 1946 Catonis
327 1907 443 1947 libris
474 1899 756 1959 depromptum
785 1906 1023 1947 afferamus:
1054 1906 1122 1954 „Q.
1153 1906 1461 1946 Caeditiustri-

131 1979 261 2019 hunus
291 1981 344 2020 ad
376 1980 580 2020 consulem
609 1981 738 2027 venit3
768 1982 946 2019 ostendit
984 1980 1151 2020 exitium
1191 1981 1239 2019 de
1280 1979 1358 2019 loci
1390 1992 1460 2031 op-

129 2054 378 2105 portunitate
406 2057 445 2093 et
473 2053 647 2095 hostium
677 2053 918 2092 constantia.
949 2052 1153 2092 Maturum
1189 2063 1357 2100 censeo,
1398 2053 1460 2092 in-

131 2126 230 2177 quit,
258 2127 392 2168 sireni
407 2138 569 2182 servare
598 2126 671 2173 vis,
700 2126 945 2171 faciundum,
976 2130 1020 2166 ut
1032 2125 1348 2177 quadringentos
1378 2124 1451 2166 ali-

126 2211 226 2250 quos
255 2200 485 2248 milites-ad
520 2211 726 2240 verrucam
755 2184 867 2239 illam
908 2200 966 2238 ire
994 2199 1158 2246 iubeas,
1187 2210 1353 2250 eamque
1400 2200 1461 2239 uti

124 2276 333 2326 occupent,
364 2273 576 2326 imperesf³
595 2272 624 2321 ¹)
653 2272 843 2313 Videmus
859 2273 990 2311 minus
1011 2271 1149 2311 florum
1173 2265 1474 2323 quamvirium'

206 2464 243 2505 1)
267 2462 353 2495 Gen.
381 2462 417 2493 x.
445 2463 482 2494 A.
514 2461 574 2496 m,
606 2463 635 2495 τ.
