1718 2859
689 203 1002 245 ...23-

165 315 348 366 potest,
393 313 499 365 quod
538 312 721 352 nonnulli
757 312 880 351 Asiae
906 311 1330 362 Europaeque-terras
1362 309 1507 359 permi-

186 390 425 437 graverunt,
466 387 510 427 id
537 386 656 438 'quod
696 386 782 425 sine
808 384 935 424 multo
973 383 1111 423 labore
1138 382 1395 435 periculoque
1418 382 1510 425 jfieri

189 472 271 500 non
300 445 480 512 potuisse
508 462 690 512 apparet.
720 458 831 505 Quae
860 469 951 498 cum
975 457 1036 497 ita
1058 457 1150 505 sint,
1178 455 1510 507 magna-illaiti-

188 545 290 574 ncra
316 533 685 586 praeclarissimum
722 534 817 570 sunt
856 531 1157 577 documentum,
1195 533 1343 581 quanto
1372 541 1509 569 rerum

189 609 450 647 externarum
481 603 856 656 cognoscendarum
883 602 1015 642 studio
1031 601 1506 654 logographifiagrarent.

185 679 313 727 Quem
354 692 449 719 vero
485 679 662 717 fructum
690 689 739 716 ex
766 675 973 716 laboribus
1001 679 1040 715 et
1077 676 1156 727 ipsi
1190 675 1444 728 perceperint
1470 677 1510 715 et

190 752 428 813 aequalibus
466 749 792 803 comparaverint
829 749 958 789 adhuc
1006 749 1229 799 intelligere
1282 761 1506 801 possumus.

185 825 420 864 Herodotus
435 824 468 876 ι)
498 824 603 863 enim
624 835 683 870 ea,
713 834 814 873 quae
843 823 892 861 de
920 822 1038 861 terris
1067 823 1243 861 externis
1272 821 1510 872 logographi

187 897 410 938 memoriae
438 897 713 943 tradiderant,
754 907 873 946 saepe
910 907 983 933 sua
1021 894 1260 934 auctoritate
1287 894 1509 941 confirmat,

186 982 475 1022 nonnunquam
503 970 698 1011 emendat
720 970 790 1006 aut
817 968 979 1007 refutat:
1009 968 1089 1007 Sed
1117 968 1277 1006 omnino
1307 979 1441 1006 eorum
1468 968 1510 1007 in
1557 1009 1566 1018 ,

190 1043 308 1083 terris
336 1042 600 1095 inspiciendis
628 1040 885 1092 moribusque
913 1041 1091 1091 gentium
1119 1041 1420 1093 perscrutandis
1449 1041 1510 1080 di-

182 1115 392 1167 ligentiam
421 1115 687 1155 commendat.
749 1113 947 1166 Imprimis
984 1118 1118 1154 autem
1153 1126 1203 1153 ex
1243 1113 1508 1165 logographo-

185 1202 276 1228 rum
315 1188 436 1238 longa
472 1189 575 1228 serie
611 1188 863 1229 Hecataeum
911 1188 1116 1229 Milesium
1158 1191 1445 1228 commemorat
1459 1186 1508 1233 ²).

191 1260 267 1308 Qui
304 1261 482 1313 scriptor
518 1272 638 1312 quam
672 1273 807 1300 rerum
841 1260 1198 1312 geographicarum
1237 1260 1389 1312 peritus
1423 1260 1513 1299 fue-

189 1334 254 1381 rit,
287 1334 594 1373 narratiuncula
630 1334 765 1386 aliqua
800 1337 939 1385 aperte
975 1334 1167 1381 ostendit,
1204 1346 1323 1385 quam
1353 1345 1404 1372 ex
1431 1333 1510 1372 He-

186 1405 322 1446 rodoti
351 1403 515 1458 opere³)
552 1406 832 1459 depromptam
868 1404 1087 1445 lectoribus
1115 1405 1195 1445 iam
1225 1411 1509 1459 proponamus.

189 1479 418 1520 Hecataeus
444 1480 568 1529 igitur
597 1481 790 1520 confectis
818 1479 1027 1527 itineribus
1055 1481 1097 1519 in
1124 1480 1299 1531 patriam
1325 1493 1510 1520 reversus

190 1552 242 1593 ab
272 1552 524 1603 Aristogora,
560 1551 695 1592 Ioniae
724 1553 988 1593 defectionem
1017 1552 1250 1601 meditante,
1279 1554 1321 1593 in
1335 1552 1512 1593 Milesio-

184 1638 273 1666 rum
303 1626 514 1666 consilium
544 1627 764 1667 advocatus
793 1630 865 1666 est.
906 1625 949 1664 ln
978 1638 1056 1677 qua
1085 1639 1174 1666 cum
1202 1627 1347 1678 reliqui
1375 1639 1511 1666 omnes

188 1699 452 1748 Aristagorae
491 1699 677 1739 cederent
718 1698 963 1745 sententiae,
1008 1710 1109 1738 unus
1146 1698 1375 1739 Hecataeus
1415 1702 1512 1751 quot

189 1772 407 1822 quantique
437 1773 578 1824 populi
605 1774 686 1812 sint
714 1773 800 1822 regi
838 1772 1053 1811 Persarum
1084 1773 1255 1812 subiecti
1291 1785 1511 1824 exponens,

188 1848 232 1884 ut
260 1857 285 1884 a
313 1844 588 1885 coniuratione
617 1845 859 1885 desisterent
897 1843 1080 1884 hortatus
1104 1849 1181 1884 est.
1238 1845 1434 1885 Tabulam
1461 1845 1510 1885 il-

186 1917 269 1957 lam
296 1918 607 1970 geographicam
635 1920 760 1958 totius
789 1922 921 1957 terrae
958 1917 1175 1965 ambitum,
1210 1920 1341 1958 maria
1370 1922 1410 1958 et
1438 1920 1511 1959 flu-

188 1991 276 2031 vios
305 2003 441 2032 omnes
472 1991 824 2044 complectentem,
861 2003 981 2044 quam
1017 1990 1280 2040 Aristagoras
1310 1992 1511 2033 Cleomeni

191 2065 603 2105 Lacedaemoniorum
631 2067 716 2115 regi
756 2066 981 2105 ostendisse
1017 2065 1182 2112 dicitur,
1220 2066 1269 2104 ab
1308 2066 1510 2105 Hecataeo

188 2139 444 2178 emendatam
473 2139 635 2191 eiusque
658 2139 820 2190 scriptis
859 2138 1108 2177 illustratam
1142 2138 1267 2177 fuisse
1296 2138 1511 2177 verisimil-

187 2210 327 2250 limum
357 2215 418 2250 est
431 2211 479 2263 ⁴).
520 2210 660 2264 Itaque
688 2224 712 2251 a
741 2211 981 2263 geographis
1020 2210 1184 2250 serioris
1214 2223 1371 2262 quoque
1399 2215 1509 2251 aeta—

273 2327 309 2365 1)
334 2326 380 2366 ΙΙ,
405 2327 487 2367 143;
508 2327 552 2360 V.
579 2327 631 2359 49.

272 2388 309 2429 2)
336 2390 375 2427 V,
398 2388 455 2422 36.
479 2389 562 2430 1253
587 2389 640 2431 v1,
667 2390 738 2423 137.

269 2452 304 2490 3)
328 2452 364 2492 V,
388 2453 442 2490 36,
468 2453 542 2487 125.

268 2513 306 2555 4)
332 2513 381 2546 (Μ’.
397 2524 467 2548 cum
495 2515 615 2549 Herod.
644 2516 679 2558 V,
704 2516 744 2549 49
767 2516 872 2549 locum
897 2519 1104 2557 Agathcmeri
1131 2518 1156 2556 1,
1186 2522 1226 2550 1:
1250 2516 1511 2562 'Aaaiissmcfg

1682 0 1718 39 :1123
