1718 2859
738 222 784 231 ..-
869 199 922 239 39
1006 220 1054 228 ..-

342 303 506 344 Praeter
533 304 655 352 haec,
685 305 829 356 quibus
869 304 1029 356 publice
1060 315 1196 344 rerum
1231 305 1438 353 gestarum
1474 314 1555 342 me-

237 377 367 416 moria
396 377 644 426 servabatur,
673 378 863 430 privatim
891 390 1046 430 quoque
1073 389 1137 417 res
1156 390 1180 417 a
1200 376 1421 418 maioribus
1440 387 1558 429 prae-

181 486 184 487 ?
241 451 354 493 clarc
383 455 520 501 gestae
550 454 590 491 et
617 450 916 491 laudationibus
944 451 1178 491 funebribus
1207 455 1247 491 et
1262 450 1557 497 stemmatibus,

239 524 383 577 quibus
421 524 558 564 brevia
597 535 730 563 rerum
768 526 972 573 gestarum
1016 522 1147 573 elogia
1190 521 1485 564 adiiciebantur
1518 528 1558 563 et

238 596 538 638 commentariis
567 597 737 647 privatis
767 596 1085 637 celebrabantur.
1128 596 1252 643 Quem
1286 594 1402 635 usum
1430 595 1558 636 multa

237 677 415 711 veterum
464 671 705 721 scriptorum
751 670 983 709 testimonia
1031 669 1293 721 comprobant
1312 668 1353 720 ¹).
1408 669 1557 716 Quibus

241 743 428 784 omnibus
458 745 643 795 apparet,
670 753 860 791 magnum
890 742 998 794 apud
1025 742 1226 782 Romanos
1254 742 1378 782 fuisse
1406 753 1557 782 memo·

237 817 321 856 riae
363 816 662 855 conservandae
701 816 876 855 studium
924 818 1043 866 atque
1087 816 1227 866 primis
1261 816 1342 854 iam
1383 816 1557 854 civitatis

239 888 486 940 temporibus
517 889 666 940 optime
695 891 856 928 cautum
885 900 993 935 esse,
1024 900 1164 941 neres
1191 888 1386 927 memoria
1414 888 1558 938 dignae

238 967 466 1013 temporum
506 961 719 1011 iniquitate
758 960 1110 1001 oblitterarentur(
1156 961 1235 999 Sed
1274 962 1366 999 viva
1404 973 1558 1012 quoque

239 1046 340 1075 voce
368 1037 408 1073 et
438 1032 683 1073 carminibus
711 1033 907 1073 maiorum
937 1034 1066 1084 gloria
1080 1033 1394 1086 propagabatur.
1426 1033 1558 1082 Quan—

238 1112 327 1148 tum
356 1110 489 1146 autem
514 1107 799 1147 detrimentum
827 1108 924 1147 fides
963 1107 1155 1147 historica
1195 1106 1275 1146 illis
1313 1107 1557 1148 carminib-us

240 1193 383 1234 capere
413 1180 553 1221 soleat·
571 1183 610 1220 et
636 1181 786 1231 ingenii
823 1181 987 1221 humani
1030 1181 1259 1220 condit-ione
1299 1184 1338 1221 et
1375 1182 1557 1234 exemplo

239 1255 486 1295 Graecorum
515 1254 616 1293 satis
646 1254 886 1295 declaratur.
915 1255 1035 1306 Apud
1062 1254 1264 1293 Romanos
1293 1267 1386 1294 vero
1415 1267 1560 1295 manca

238 1329 415 1379 fingendi
441 1326 621 1366 facultas
660 1330 777 1379 atque
814 1327 1008 1367 librorum
1045 1329 1184 1368 eodem
1212 1331 1391 1379 tempore
1420 1329 1557 1368 condi-

237 1404 371 1441 torum
398 1400 631 1440 testimonia
658 1399 965 1452 prohibuerunt,
1005 1401 1217 1453 quominus
1255 1401 1556 1453 antiquissimo-

239 1487 329 1514 rum
356 1478 583 1525 temporum
612 1474 805 1513 memoria
831 1474 979 1525 mythis
1007 1474 1248 1525 fabulisque,
1292 1474 1434 1525 quibus
1462 1479 1559 1526 poca'-

236 1550 304 1587 tae
339 1546 570 1597 indulgent,
611 1546 854 1586 obrueretur.
910 1546 1051 1586 Fuisse
1086 1549 1220 1586 autem
1256 1546 1327 1586 illa
1366 1547 1558 1595 carmina,

239 1632 487 1672 quamquam
514 1620 694 1668 minora,
733 1632 853 1672 quam
892 1633 993 1672 quae
1032 1620 1274 1659 Niebuhrius
1302 1621 1465 1665 statuit,
1506 1633 1558 1659 ex

236 1693 374 1732 multis
405 1693 684 1742 cognoscimus
712 1693 967 1732 testimoniis.
1009 1692 1174 1733 Illorum
1202 1693 1282 1732 alia
1309 1693 1559 1733 vocabantur

239 1766 474 1815 „naeniae“‚
515 1778 644 1817 „quae
673 1767 715 1808 in
742 1766 881 1805 funere
909 1766 1100 1806 laudandi
1130 1768 1261 1816 gratia
1291 1767 1560 1806 cantabantur

238 1840 290 1879 ad
318 1838 547 1887 tibiam.“²)
602 1839 661 1878 De
688 1838 750 1877 his
777 1839 819 1877 in
847 1839 923 1877 XII
950 1839 1098 1878 tabulis
1127 1841 1320 1891 seriptum
1350 1840 1465 1879 affert
1492 1842 1558 1879 Ci-

238 1924 328 1951 cero
341 1910 400 1958 3):
450 1911 777 1959 „Honoratorum
806 1912 983 1951 virorum
1012 1912 1151 1952 laudes
1180 1914 1222 1951 in
1261 1914 1444 1953 contione
1474 1926 1558 1952 me-

238 1988 458 2031 morentur,
488 1997 633 2035 eosque
649 1985 773 2023 etiam
798 1988 940 2024 cantus
970 1986 1021 2024 ad
1049 1985 1254 2025 tibicinem
1272 1990 1557 2039 prosequatur;

240 2060 304 2098 cui
333 2070 478 2097 nomen
506 2059 716 2097 naeniae.“
768 2059 861 2098 Alia
891 2058 1033 2110 quibus
1061 2059 1201 2098 laudes
1229 2061 1422 2099 maiorum
1453 2060 1555 2099 cele-

240 2131 465 2172 brabantur
494 2132 673 2171 carmina
710 2145 800 2171 cum
838 2132 890 2171 ad
929 2131 1068 2184 epulas
1109 2132 1393 2172 adhiberentur
1429 2146 1554 2181 „con-

243 2244 338 2252 ———

330 2313 364 2349 1)
391 2311 458 2342 Cic.
485 2310 577 2341 Brut.
603 2311 661 2350 16;
708 2311 791 2343 Goll.
817 2311 854 2342 N.
882 2311 920 2343 A,
947 2311 1042 2349 XIII,
1069 2311 1127 2351 19;
1174 2312 1265 2343 Dion.
1290 2315 1318 2344 A
1355 2313 1392 2343 R.
1419 2323 1449 2354 p.
1474 2313 1556 2353 190;

244 2373 332 2405 Plut.
358 2373 459 2404 Numa
483 2382 626 2413 prooem.

319 2435 355 2472 2)
381 2435 498 2466 Festus
522 2445 552 2466 v,
575 2436 698 2466 naenia.

320 2496 358 2539 3)
384 2498 430 2529 Dc
447 2496 510 2537 leg.
536 2498 580 2537 11,
606 2497 656 2531 24.
