1718 2859
705 213 756 220 -.
838 191 889 230 55
971 213 1022 219 ..-

200 296 390 337 habuisse
419 297 581 337 Catonis
610 298 843 345 orationem,
874 308 976 349 quae
1001 296 1114 336 firmo
1143 296 1185 336 et
1211 295 1348 346 gravi,
1391 299 1435 336 ut
1461 296 1519 337 ita

201 370 346 419 dicam,
374 371 475 423 pede
503 371 724 425 procedens
752 370 870 424 plane
896 369 1056 420 ingenio
1096 370 1243 410 sinceri
1278 373 1322 409 et
1365 371 1519 412 tenacis

201 444 312 484 illius
351 446 425 484 viri
468 445 692 484 conveniat.
746 444 885 494 Neque
939 447 1076 484 tamen
1108 455 1265 492 «negare
1301 455 1518 494 possumus

201 517 244 557 in
272 517 362 569 ipsa
397 517 469 557 illa
507 518 621 568 gravi
660 515 849 568 nulloque
892 515 984 555 fuco
1022 514 1168 555 affecta
1217 516 1398 557 oratione
1438 531 1520 559 nen

200 591 299 631 nihil
329 592 453 631 fuisse
482 592 706 637 suavitatis,
731 601 811 627 non
839 589 1079 627 artificiosae
1108 589 1268 639 quidem
1285 616 1294 629 ,
1337 591 1410 629 sed
1447 604 1518 630 na—

201 664 346 705 turalis
372 665 492 712 illius,
522 676 624 718 quae
653 676 703 704 ex
730 662 891 712 ingenio
922 674 1060 702 severo
1090 661 1288 716 rebusque
1316 664 1415 716 ipsis
1444 666 1521 705 im-

202 738 310 792 pleto
332 739 456 790 -quasi
482 737 587 776 ultro
616 736 787 788 profluit.

309 792 465 851 Similis
497 810 662 850 Catonis
691 808 859 848 dictioni
886 821 978 847 cum
1016 808 1058 848 L.
1089 809 1199 861 Calp.
1229 809 1388 850 Pisonis
1416 816 1524 852 esset

138 915 149 919 „
204 885 387 924 diversae
415 886 595 922 veterum
623 883 864 933 scriptorum
895 882 943 920 de
973 893 1020 920 ea
1047 883 1261 921 traduntur
1289 885 1523 924 sententiae.

208 957 346 997 Cicero
384 956 490 995 enim
533 955 652 994 dicit:
683 953 802 1001 „Piso
840 957 879 992 et
916 966 1059 992 causas
1100 955 1182 1003 egit
1222 958 1261 994 ct
1307 956 1524 996 multarum

206 1029 340 1078 legum
369 1031 437 1067 aut
466 1031 606 1067 auctor
634 1030 704 1067 aut
733 1027 941 1067 dissuasor
969 1027 1069 1074 fuit;
1099 1028 1211 1079 isque
1240 1032 1280 1068 et
1321 1030 1524 1069 orationes

207 1101 391 1152 reliquit,
421 1113 522 1152 quae
550 1101 630 1139 iam
659 1103 907 1138 evanuerunt
951 1103 989 1138 et
1026 1100 1191 1139 annales
1228 1113 1325 1140 sane
1362 1102 1525 1142 exiliter

206 1174 378 1226 scriptos
392 1177 428 1221 ,“
474 1175 514 1211 et
550 1171 701 1212 Gellius
741 1171 805 1223 (N.
845 1172 895 1213 A.
939 1171 1017 1219 XI,
1057 1173 1147 1221 14):
1188 1173 1526 1225 „Simplicissima

208 1248 395 1286 „aitm
421 1246 621 1285 suavitate
650 1249 690 1284 et
717 1246 776 1285 rei
804 1249 844 1284 et
872 1246 1065 1284 orationis
1094 1245 1137 1284 L.
1167 1244 1259 1285 Piso
1282 1246 1403 1296 Frugi
1431 1259 1527 1287 usus

210 1323 311 1359 est.“
367 1320 496 1368 Legas
524 1318 696 1370 exempli
727 1331 848 1359 causa
876 1319 1145 1369 fragmentum
1174 1320 1258 1358 eius
1297 1320 1405 1371 apud
1434 1319 1527 1360 Gel-

208 1393 310 1445 lium
342 1392 424 1442 (VI,
456 1393 498 1436 9)
529 1395 753 1431 servatum:
785 1391 946 1439 „...Hi
974 1395 1274 1431 contemnentes
1304 1404 1419 1440 eum,
1458 1405 1526 1432 as-

213 1478 375 1516 surgere
404 1465 440 1504 ei
466 1477 581 1504 nemo
609 1464 745 1504 voluit.
802 1464 873 1504 Cn.
913 1463 1095 1512 Flavius,
1133 1465 1242 1505 Anni
1276 1464 1333 1512 F„
1377 1466 1528 1506 aediles

217 1539 261 1577 id
286 1539 444 1585 arrisit3
473 1537 613 1576 sellam
643 1537 816 1577 curulem
848 1538 966 1576 iussit
994 1537 1071 1576 sibi
1099 1537 1255 1585 afferri;
1294 1550 1384 1577 eam
1409 1539 1452 1577 in
1480 1539 1529 1578 li-

218 1610 324 1649 mine
354 1610 564 1661 appcsffit,
609 1621 658 1648 ne
682 1610 770 1661 quis
798 1609 957 1649 illorum
986 1610 1095 1649 exire
1122 1613 1281 1661 posset,
1338 1611 1474 1662 utique
1503 1613 1531 1651 ii

216 1695 353 1723 omnes
390 1683 507 1721 inviti
546 1683 733 1722 viderent
768 1694 855 1722 sese
884 1683 926 1722 in
972 1682 1072 1723 sella
1114 1682 1240 1722 curuli
1289 1684 1532 1724 sedentem.“

217 1755 338 1798 Aliud
368 1767 523 1807 quoque
553 1756 732 1795 eiusdem
760 1756 969 1807 scriptoris
999 1761 1228 1807 excerptum
1270 1756 1433 1805 dignum
1473 1762 1534 1796 est

218 1829 323 1881 quod
350 1828 597 1874 afferatur¹):
630 1827 834 1874 „Eundem
861 1829 1074 1867 Romulum
1104 1830 1254 1876 dicunt,
1284 1830 1335 1867 ud
1367 1842 1533 1869 coenam

217 1905 419 1957 vocatum,
448 1900 504 1940 ibi
532 1914 611 1940 non
639 1900 805 1940 multum
836 1901 1006 1949 bibisse,
1050 1902 1143 1952 quia
1180 1902 1374 1953 postridie
1414 1916 1532 1953 nego-

189 2009 193 2012 r
217 1976 318 2015 tium
330 1975 506 2016 haberet,
539 1974 585 2013 Ei
604 1975 762 2014 dicunt:
789 1975 967 2022 Romule,
997 1976 1031 2014 si
1058 1975 1164 2014 istud
1196 1988 1331 2014 omnes
1354 1976 1534 2016 homines

219 2049 383 2095 faciant,
413 2049 549 2087 vinum
580 2048 696 2087 vilius
726 2049 789 2088 sit.
837 2048 917 2088 His
946 2049 1172 2099 respondit:
1201 2049 1321 2087 immo
1350 2062 1442 2087 ¹:ero
1467 2064 1534 2088 ca-

221 2134 327 2169 rum,
359 2122 413 2168 si,
454 2124 647 2172 quan-tum
677 2122 843 2173 quisque
872 2122 990 2168 volet,
1022 2121 1155 2168 bibat3
1211 2134 1303 2160 nam
1335 2135 1406 2171 ego
1438 2122 1533 2171 bibi,

221 2197 416 2246 quantum
444 2195 587 2234 volui“.
646 2195 802 2243 Quanta
839 2194 1077 2247 simplicitas
1118 2199 1156 2235 et
1191 2196 1377 2236 dictionis
1422 2199 1536 2248 quasi

220 2268 416 2308 infantia!
448 2268 582 2307 Verba
612 2269 715 2307 enim
743 2269 966 2320 composita.
994 2282 1073 2308 non
1103 2271 1324 2316 coniuncta,
1353 2256 1534 2320 'singulae

221 2342 444 2379 sententiae
474 2341 581 2381 nullo
611 2341 767 2382 vinculo
797 2342 901 2382 inter
929 2354 971 2381 se
1001 2342 1237 2390 cohaere-nt,
1276 2356 1351 2393 quo
1381 2345 1424 2382 fit
1444 2372 1453 2389 ,
1493 2353 1536 2384 ut

398 2446 465 2453 ..—

306 2496 342 2536 1)
368 2495 450 2528 cen.
478 2497 514 2527 x
541 2499 576 2529 A.
604 2497 657 2535 xi,
685 2497 737 2529 14.
