1718 2859
741 186 791 196 ,-.
872 166 924 207 56
1006 151 1056 199 -’-.

237 273 326 311 tota
351 271 495 319 oratio,
523 270 632 312 haud
659 284 752 313 raro
771 274 948 315 numeris
977 286 1103 326 paene
1117 275 1324 324 destituta,
1354 278 1559 321 simillima

237 345 292 384 sit
318 345 445 384 muris
471 343 553 384 illis
581 345 781 397 antiquis,
811 348 877 398 qui
917 347 1088 399 cyclopii
1125 352 1345 393 vocantur,
1388 362 1559 401 quorum

235 417 385 469 singuli
414 418 573 471 lapides
600 417 710 460 nullo
739 418 958 470 ligamento
987 421 1102 471 ligati
1132 421 1218 461 solo
1257 422 1434 474 pondere
1465 435 1559 464 con-

235 492 426 532 tinentur.
1466 544 1473 550 ἱ

340 566 494 625 Eadem
532 569 615 609 fere
653 570 702 610 de
749 570 839 609 aliis
889 569 1050 610 illorum
1095 571 1337 622 scriptorum
1388 570 1560 612 dicenda

233 646 339 689 sunt,
368 653 612 694 quamquam
641 642 739 681 bene
769 644 984 683 tenendum
1014 648 1094 692 est,
1131 657 1202 696 pro
1232 644 1384 693 ingenii
1424 644 1559 684 indole

233 712 357 753 alium
386 713 465 755 alio
492 716 535 755 in
564 716 738 756 dictione
771 715 884 767 „plus
913 716 1101 758 habuisse
1132 718 1301 757 virium“
1331 729 1459 769 neque
1471 730 1557 757 om-

231 801 303 828 nes
332 801 457 842 aeque
486 801 532 828 ac
561 789 754 829 Catonem
783 789 880 841 quid
908 790 950 828 in
977 790 1181 829 narrando
1210 775 1405 830 historiae
1422 790 1553 841 digni-

231 867 294 905 tas
322 863 499 902 maxime
526 863 765 915 postularet,
794 863 1054 903 intellexisse.
1110 863 1189 903 Sed
1218 864 1296 911 „ad
1333 864 1550 915 perfectius

230 936 392 976 dicendi
436 947 561 985 genus
611 948 654 976 se
693 937 821 976 erexit
859 939 898 975 et
936 938 1131 977 maiorem
1168 936 1361 977 historiae
1398 937 1556 977 addidit

233 1022 377 1051 sonum
416 1009 572 1050 Coelius
600 1011 862 1062 A11tipater‚“
917 1025 1033 1063 quem
1071 1012 1209 1051 Cicero
1247 1011 1308 1051 his
1346 1011 1479 1050 verbis
1506 1012 1557 1050 iis

232 1083 420 1135 opponit,
449 1083 517 1134 qui
546 1086 666 1122 antea
694 1067 880 1123 vixerant
902 1084 963 1129 ¹):·
986 1084 1143 1130 „Ceteri
1173 1096 1252 1122 non
1293 1087 1554 1123 exornatores

229 1168 365 1195 rerum
408 1157 480 1196 sed
525 1157 804 1201 tantummodo
854 1161 1088 1200 narratores
1135 1158 1337 1198 fuernnt“q
1380 1161 1420 1195 et
1454 1156 1556 1196 libro

229 1230 360 1281 primo
389 1229 439 1269 de
467 1229 647 1280 legibus:
699 1229 870 1278 „Fannii
900 1230 1024 1269 aetati
1063 1230 1297 1270 coniunctus
1341 1229 1556 1281 Antipater

226 1301 364 1354 paullo
392 1303 549 1342 inflavit
579 1303 867 1350 vehementius,
897 1303 1115 1354 habuitque
1137 1304 1252 1342 -vires
1283 1306 1461 1352 agrestes
1482 1303 1551 1341 ille

227 1375 390 1427 quidem
427 1379 547 1429 atque
591 1362 776 1416 horridas
813 1376 899 1415 sine
937 1376 1065 1415 nitore
1112 1388 1158 1415 ac
1196 1375 1429 1427 palaestra..
1472 1376 1552 1417 Sed

226 1452 363 1489 tamen
392 1450 607 1489 admonere
634 1448 810 1502 reliquos
848 1450 1004 1501 potuit,
1050 1453 1094 1489 ut
1134 1450 1362 1489 accuratius
1399 1449 1549 1489 scribe-

222 1526 353 1563 rent.“
407 1524 592 1577 Apparet
638 1523 817 1564 Coelium
857 1536 880 1563 a
924 1524 1117 1564 Cicerone
1153 1523 1377 1575 perfectum
1415 1536 1548 1563 rerum

225 1598 465 1649 scriptorem
492 1611 569 1637 non
600 1598 812 1650 appellari,
842 1597 913 1636 sed
941 1601 1012 1645 „ut
1040 1596 1286 1648 temporibus
1316 1595 1397 1635 illis
1434 1596 1548 1636 lucu-

223 1669 434 1719 lentum“,
480 1672 547 1724 qni
588 1671 639 1711 ad
676 1672 899 1724 perfectum
934 1670 1172 1710 elocutionis
1213 1682 1336 1719 genus
1386 1669 1550 1721 propius

223 1756 343 1796 quam
371 1744 515 1797 reliqui
544 1746 772 1785 accesserit.
831 1744 955 1792 Quem
984 1747 1121 1783 tamen
1158 1755 1418 1795 progressum
1462 1743 1546 1782 exi-

219 1819 321 1868 guis,
351 1832 454 1871 quae
483 1823 659 1866 exstant,
684 1819 923 1868 fragmentis
940 1818 1196 1856 demonstare
1224 1829 1302 1855 non
1313 1829 1542 1867 possumus.

223 1892 370 1932 Omnes
421 1903 515 1932 vero
553 1891 669 1931 huius
708 1891 854 1931 aetatis
891 1890 1111 1942 scriptores
1148 1889 1354 1944 Cicerone*
1382 1891 1545 1928 auctore

220 1966 393 2006 Sisenna
422 1965 580 2016 vioit²):
621 1965 882 2011 „Sisenna—
909 1965 1030 2004 ait-
1066 1963 1207 2001 doctus
1247 1962 1311 2000 vir
1335 1964 1375 2000 et
1403 1962 1547 2001 studiis

218 2040 381 2091 optimis
410 2038 584 2085 deditus,
614 2037 713 2077 bene
742 2036 867 2076 latine
887 2036 1074 2088 loquens;
1107 2035 1234 2074 omnis
1255 2034 1340 2073 eius
1370 2034 1543 2074 facultas

215 2125 267 2151 ex
295 2113 466 2152 historia
495 2112 622 2163 ipsius
650 2110 825 2162 perspici
852 2113 1007 2161 potest:
1038 2120 1138 2159 qnae
1170 2120 1259 2147 cnm
1295 2107 1415 2147 facile
1455 2120 1539 2146 om-

216 2197 287 2225 nes
316 2186 452 2226 vincat
481 2184 708 2235 superiores
737 2186 822 2222 tum
851 2182 1003 2222 indicat
1031 2184 1178 2228 tamen,
1208 2183 1402 2232 quantum
1431 2180 1539 2220 absit

216 2271 241 2297 a
280 2272 435 2299 summo
473 2269 669 2309 quamque
708 2268 831 2305 genus
870 2255 942 2294 hoc
987 2254 1218 2305 scriptionis
1261 2254 1439 2292 nondum
1490 2252 1543 2292 sit

300 2427 335 2462 1)
360 2426 451 2456 Brut.
479 2435 527 2465 cp.
554 2424 605 2456 26.

301 2483 339 2529 2)
363 2488 446 2521 Brut
483 2496 531 2529 cp.
549 2486 608 2520 ⁴154.
