1718 2859
0 155 23 195 ’τ
0 125 8 129 *
0 0 34 101 ew

736 188 784 197 ..
856 136 918 208 *24
1029 190 1079 197 .-

232 271 287 313 tis
313 271 500 313 laudibus
528 272 756 313 Hecataeus
786 274 988 322 evehitur;
1019 274 1124 326 quod
1153 274 1265 313 locus
1293 273 1360 313 iile
1382 273 1554 314 Marcel—

231 346 307 387 lini
335 345 481 396 (XXII,
511 346 553 398 8)
582 349 779 397 testatur,
823 349 866 387 in
895 360 973 400 quo
1002 347 1067 388 hic
1103 348 1277 400 scriptor
1305 351 1344 387 et
1376 347 1556 387 Hellani—

231 415 322 460 cum
349 416 389 460 et
416 419 666 461 Hecataeum
694 421 987 461 minutissimos
1028 421 1391 474 geographicarum
1419 421 1556 470 cogni-

230 494 386 535 tionum
411 497 661 534 scrutatores
689 498 821 534 vocat.
859 494 938 534 Sed
970 505 1205 543 caveamus,
1234 508 1283 535 ne
1311 493 1410 533 haec
1438 494 1554 534 testi-

230 568 367 608 monia
393 568 546 616 secuti,
586 567 925 620 logographorum
969 568 1197 608 doctrinam
1242 558 1555 619 geographiam

230 653 382 695 perque
408 639 631 682 laudemus.
676 641 921 693 Saepissime
951 654 1018 687 eos
1057 654 1213 682 errasse
1251 655 1341 684 cum
1369 654 1419 681 ex
1447 641 1557 693 ipso·

229 726 321 754 rum
349 715 587 765 fragmentis
605 718 638 766 ¹)
668 720 754 756 tum
784 728 832 754 ex
863 715 1003 755 crebra
1038 716 1232 756 Herodoti
1260 715 1555 767 vituperatione
1580 707 1585 708 ⁷

228 788 480 839 intelligitur.
536 789 616 830 Sed
644 794 781 830 tamen
808 789 907 829 haec
935 790 1025 841 ipsa
1054 802 1190 829 eorum
1220 789 1355 829 studia
1385 799 1555 838 geogra-

229 860 351 913 phica
378 862 524 901 summi
553 863 605 902 ad
633 866 761 902 artem
789 860 1023 902 historicam
1053 862 1345 914 procreandam
1361 859 1554 901 momenti
1582 905 1585 908 Α

230 934 369 983 fuisse,
398 933 488 987 quis
517 938 591 984 est,
616 936 711 987 quin
738 935 964 985 intelligat?

232 1000 234 1002 ¹
339 1008 476 1049 Oritur
502 1009 584 1048 iam
614 1009 795 1061 quaestio
825 1021 920 1047 num
942 1013 1049 1048 certo
1067 1008 1233 1048 consilio
1250 1008 1439 1048 historias
1458 1018 1552 1045 suas

230 1081 485 1121 condiderint
511 1080 748 1133 logographi
776 1094 912 1121 necne.
944 1082 1030 1128 Qua
1059 1083 1107 1121 dc
1136 1094 1178 1121 re
1197 1082 1379 1133 quamvis
1401 1092 1448 1119 ex
1463 1091 1554 1131 per-

230 1154 383 1205 paucis,
414 1166 515 1206 quae
545 1157 709 1194 exstant
736 1154 988 1203 fragmentis,
1019 1154 1215 1193 coniicere
1231 1166 1310 1192 non
1339 1153 1474 1197 liceat,
1502 1151 1552 1190 iis

231 1235 333 1278 quae
362 1238 486 1279 supra
514 1227 563 1266 de
593 1227 856 1278 dispositione
885 1226 1061 1266 diximus
1089 1227 1164 1265 rite
1194 1226 1457 1265 consideratis
1478 1224 1552 1264 du-

230 1298 374 1338 bitatio
404 1311 493 1339 esse
520 1303 655 1351 potest
682 1299 804 1338 nulla.
850 1299 952 1339 Nam
982 1311 1069 1339 cum
1098 1300 1139 1338 id
1169 1299 1297 1339 solum
1325 1300 1554 1351 spectarent

229 1373 448 1424 scriptores
476 1372 558 1421 illi,
601 1375 646 1412 ut
675 1385 794 1424 quam
823 1372 1026 1412 uberrima
1061 1384 1192 1411 rerum
1237 1372 1354 1424 copia
1382 1371 1552 1410 lectores

230 1458 326 1485 suos
355 1446 571 1486 edocerent
599 1448 639 1485 et
668 1444 938 1493 oblectarent,
983 1446 1111 1484 omnis
1141 1445 1340 1484 industria
1367 1445 1408 1483 in
1438 1442 1552 1483 colli-

226 1519 368 1569 gendis
398 1518 733 1569 conserendisque
762 1516 881 1557 rebus
909 1522 1071 1557 versata
1099 1521 1171 1557 cst.
1218 1518 1347 1565 Quare
1377 1517 1426 1556 de
1456 1528 1550 1567 ope»

224 1604 314 1631 rum
343 1591 637 1644 compositione
665 1591 773 1630 idem
802 1603 875 1630 suo
913 1591 999 1630 iure
1039 1590 1120 1630 dici
1157 1581 1314 1641 potest,
1370 1588 1474 1640 quod
1502 1589 1551 1627 de

223 1676 363 1704 eorum
390 1664 615 1705 elocutione
643 1663 871 1703 Demetrius
909 1663 1186 1716 pronuntiavit
1197 1662 1253 1714 ²):
1299 1662 1452 1714 scripta
1478 1660 1551 1701 illa

222 1735 359 1786 λίθοις
397 1736 657 1793 διεῤῥιμὲνοις
702 1735 837 1792 μόνον’
872 1735 939 1775 καὶ
984 1734 1029 1777 οἰ·
1078 1734 1355 1790 συγκειμένοις
1401 1734 1551 1775 similia

222 1809 369 1864 esse³>.

222 1974 236 2006 ὂ
263 1971 433 2013 Μιλῆσιος
470 1974 604 2015 πρῶτος
639 1969 807 2011 ἐτέλμησε
838 1970 896 2009 τὴν
925 1969 1133 2011 ἷοῖκευμὲνην
1164 1969 1196 2000 ἐν
1242 1968 1357 2000 πίνακι
1397 1964 1546 2012 ’γράψω-

216 2034 312 2068 Β1ε9’
336 2031 371 2068 ἓν
392 2031 602 2071 εΕκοιτ-οιῖοςτῖ
627 2031 810 2072 Μιλὴσιος,
838 2032 922 2076 ἀνὴρ
944 2030 1188 2070 πολυπλανὴς,
1218 2030 1438 2074 διηκρίβωσεν
1463 2024 1548 2061 ὥστε

213 2100 464 2141 ,θαυμασθῆναι
485 2095 525 2129 τὸ
549 2097 711 2140 πρᾶγμα,

301 2160 338 2201 1)
363 2159 469 2190 Unum
501 2157 641 2198 exempli
675 2166 769 2188 causa
804 2158 956 2188 afferam:
997 2156 1183 2196 Ἑκαταῖος
1213 2155 1245 2187 δὲ
1271 2154 1285 2187 ὅ
1310 2153 1484 2194 Μιλήσιος
1510 2153 1549 2185 ἐκ

212 2226 274 2256 τοῦ
298 2219 450 2261 Φάσιδος
478 2221 628 2253 διελθεῖν
652 2218 696 2259 εἷς
726 2218 785 2251 τὸν
809 2216 994 2257 'studui-a,
1023 2216 1095 2251 εἶτα
1110 2217 1241 2259 §namq-a
1269 2214 1312 2256 εἰς
1335 2216 1392 2248 τὸν
1404 2215 1546 2252 Νεῖλον,

212 2282 292 2319 ἕθεν
313 2284 358 2324 εἷς
380 2284 440 2325 τὴν
461 2281 627 2327 ἡμετέραν
651 2281 832 2314 θάλασσαν
880 2280 937 2322 (dc
970 2281 1169 2322 Argonautis
1203 2280 1372 2320 fragment.
1399 2288 1415 2310 c
1439 2276 1550 2310 Schol.

211 2346 367 2388 Apollon.
393 2345 506 2379 Rhod.
533 2345 587 2382 lv,
613 2343 705 2383 289).

296 2408 334 2450 2)
360 2409 400 2439 cf.
425 2409 509 2440 intra
534 2417 567 2447 p.
593 2406 646 2439 28.

306 2470 344 2513 3)
371 2470 462 2511 Quod
485 2470 544 2503 hac
568 2470 598 2501 in
623 2479 657 2501 rc
682 2468 866 2502 Herodotus
898 2471 998 2501 artem
1031 2469 1215 2501 historicam
1247 2468 1396 2509 provexit
1419 2468 1449 2498 ct
1472 2474 1549 2506 pcr-
