1718 2859
755 104 1037 139 45-

219 207 392 256 vivendi,
422 220 500 247 non
529 207 647 260 plane
664 211 808 251 errent,
836 208 956 255 modo
984 219 1033 246 nc
1060 205 1162 245 hanc
1191 205 1427 255 magistram
1455 215 1545 255 per-

210 281 370 319 tfcctam
395 285 514 332 atquc
543 281 694 321 certam
724 291 811 321 csse
841 281 1098 321 contendant.
1127 279 1324 337 Nondum·
1342 277 1449 316 enim
1476 275 1548 316 illa

222 352 334 392 ducev
351 346 479 402 leges,
510 353 652 405 quibus
680 353 860 393 homines
888 355 1101 402 reguntur,
1131 351 1232 390 satis
1248 350 1425 402 perspici
1452 362 1547 402 pos-

221 430 315 466 sunt
342 440 469 478 neque
498 426 714 466 multorum
753 425 1003 465 saeculorum
1036 424 1252 471 memoria,
1279 424 1313 462 si
1340 424 1390 462 ad
1419 427 1547 463 aeter-

225 500 396 540 nitatem
428 502 603 552 spectas,
629 498 750 538 ullius
778 499 860 538 fei-e
891 501 950 537 est
979 494 1183 537 momenti.
1228 496 1335 544 Quae
1364 497 1548 549 quamvis

227 573 287 612 ita
316 573 421 620 sint,
446 575 609 611 maneat
645 583 897 623 semperque
920 570 1128 610 excolatur
1168 569 1344 609 studium
1380 569 1478 609 illud
1508 570 1550 609 in

222 645 348 685 rebus
389 646 513 694 gestis
553 635 796 693 indagandis
828 641 1094 689 colit-catum,
1132 643 1321 693 queniam
1370 643 1403 681 si
1433 643 1476 682 in
1503 656 1548 683 eo

223 717 570 770 permanebimus,
600 729 694 768 spes
723 716 818 763 erit,
856 716 969 763 fore,
998 718 1042 755 ut
1082 715 1187 755 vitae
1225 714 1422 754 humanae
1461 715 1549 755 finis

229 791 271 830 in
300 791 386 830 dies
415 790 544 839 magis
574 792 852 838 cognoscatur.

333 862 418 904 Iam
457 875 507 902 ex
543 861 605 909 iis,
646 873 747 913 quae
787 874 913 913 supra
956 861 1159 906 diximus,
1197 860 1367 912 intelligi
1406 866 1551 914 potest,

226 936 302 981 illi,
333 937 401 987 qui
434 935 555 975 rebus
584 935 768 973 humanis
806 934 1031 985 divinisque
1060 936 1360 986 perscrutandis
1390 949 1554 987 operam

230 1008 497 1057 dat‚-1111Huni
528 1020 616 1047 esse
645 1007 782 1047 utillus
811 1008 1037 1058 negotium,
1067 1020 1186 1059 quam
1214 1008 1270 1056 id,
1300 1021 1375 1060 quo
1405 1009 1452 1049 de
1482 1021 1552 1049 ex-

230 1081 340 1121 culta
377 1081 440 1120 vel
474 1081 659 1130 neglecta
701 1080 905 1120 hominum
944 1080 1075 1119 indole
1122 1081 1268 1120 certior
1303 1083 1383 1120 fiat.
1432 1083 1553 1121 Cuius

235 1155 358 1194 studii
386 1154 503 1204 longe
531 1153 854 1206 praeclarissima
881 1165 976 1205 pars
1005 1154 1047 1192 in
1076 1166 1208 1193 rerum
1237 1155 1555 1206 conscriptarum

234 1227 403 1276 historia
423 1227 510 1266 'sita
538 1230 609 1267 est.
639 1227 743 1267 Sane
757 1226 856 1266 haec
886 1226 1230 1279 ἱστοριογραφίας
1258 1226 1419 1266 historia
1435 1228 1557 1278 digna

231 1303 317 1347 est,
349 1312 450 1351 quae
479 1312 632 1339 summo
672 1299 804 1339 studio
834 1302 1028 1338 tractetur
1058 1302 1176 1350 atque
1218 1298 1336 1350 pleno
1355 1301 1556 1347 *rotundo-

235 1386 311 1425 que
340 1385 408 1413 ore
444 1372 735 1425 pronuntietur.
772 1371 875 1411 Nam
903 1374 947 1410 ut
975 1372 1016 1410 in
1054 1371 1173 1410 rebus
1212 1373 1336 1421 gestis
1374 1373 1434 1412 vis
1464 1386 1555 1413 coe-

231 1445 363 1492 lestis5
392 1447 451 1486 ita
487 1446 528 1485 in
564 1449 662 1493 arte,
692 1458 771 1497 qua
806 1444 879 1484 hae
909 1456 972 1484 res
1013 1444 1303 1493 describuntur,
1334 1447 1457 1486 animi
1485 1447 1557 1487 hu-

239 1521 347 1559 mai’ii
376 1520 436 1559 vis
465 1523 504 1558 et
532 1518 709 1557 sollertia
728 1519 939 1569 conspicue
953 1520 1067 1557 inest.
1099 1518 1228 1565 Quare
1258 1518 1440 1558 omnibus
1455 1523 1556 1559 tem-

237 1593 401 1645 poribus
441 1592 664 1632 doctissimi
704 1592 778 1631 viri
817 1604 951 1632 rerum
990 1592 1309 1643 conscriptarum
1349 1592 1560 1647 historiam

238 1666 492 1704 tractandam
532 1664 609 1702 sibi
646 1667 903 1715 sumpserunt
946 1668 1065 1715 atque
1115 1677 1398 1715 nonnunquam
1436 1679 1559 1717 opera

184 1771 190 1779 .
236 1739 501 1790 perfecerunt,
530 1749 631 1789 quae
660 1749 749 1776 cum
778 1736 1063 1776 illustrissimis
1079 1736 1409 1788 philosophorum
1439 1738 1554 1778 libris

236 1823 308 1850 suo
337 1811 422 1849 iure
451 1810 806 1863 certarcupossint.
845 1809 924 1848 Sed
963 1809 1006 1848 id
1044 1822 1165 1861 opus,
1208 1810 1314 1860 quod
1343 1815 1471 1850 artem
1499 1812 1559 1851 hi-

237 1883 428 1923 storicam
457 1883 646 1932 omnium,
678 1883 744 1936 qui
771 1883 1014 1939 metuerunt,
1034 1881 1271 1934 populorum
1302 1887 1461 1932 tractet,
1490 1886 1561 1925 ad-

215 1955 313 1997 ⁴huc
354 1957 644 1997 desideramus.
682 1956 858 2007 Dignum
888 1969 984 1996 sane
1026 1960 1131 1996 esset
1160 1970 1280 2008 opus,
1321 1959 1383 1997 cui
1420 1959 1559 1998 titulus

235 2029 431 2077 „historia
472 2030 597 2068 animi
637 2029 831 2068 humani“
877 2029 1176 2069 inscriberetur.
1225 2029 1387 2069 Utinam
1432 2032 1561 2070 nostri

239 2103 327 2141 aevi
355 2102 580 2147 doctissimi
611 2106 650 2141 et
685 2102 867 2141 historici
906 2106 945 2142 et
971 2102 1198 2154 philosophi
1237 2102 1340 2143 hunc
1382 2103 1563 2144 laborem

239 2175 443 2227 suscipere
474 2175 651 2214 animum
680 2175 873 2214 inducant
902 2174 1149 2227 gloriamque
1179 2179 1382 2227 appetant,
1411 2177 1562 2228 primos

241 2247 441 2287 humanae
477 2247 624 2287 indolis
673 2248 881 2287 historiam
932 2260 1008 2287 uno
1051 2252 1268 2299 conspectu
1313 2251 1564 2300 propositam

227 2321 473 2373 scripsisse!
514 2319 599 2360 Iam
628 2320 697 2360 alii
728 2320 888 2376 aliunde
912 2324 1117 2360 caementa
1149 2321 1380 2370 attulerunt,
1420 2323 1563 2375 quibus

228 2394 364 2434 nisum
408 2393 579 2433 sublime
631 2393 732 2433 illud
780 2378 1003 2434 aedificium
1043 2395 1257 2434 multorum
1312 2396 1564 2437 saeculorum
