1718 2859
691 160 1009 202 -16-

302 263 425 306 Recte
452 264 576 315 igitur
602 264 664 305 his
692 264 962 318 logographis‚
992 277 1158 317 quorum
1188 277 1208 304 e
1227 277 1393 307 numero
1405 266 1514 306 Acu-

194 337 344 379 silaum
371 329 486 378 ΗΠΒ
513 337 709 388 Argivum
738 339 1011 387 nominamus,
1053 338 1116 379 vel
1151 325 1268 378 initia
1304 338 1404 377 artis
1433 340 1514 379 cri-

195 411 303 452 ticae
332 411 590 460 denegamus.
645 411 749 451 Nam
777 410 845 451 ille
875 412 1054 455 carmina
1095 411 1271 459 Hesiodi·
1296 411 1338 450 in
1365 411 1515 451 oratio—

194 495 288 531 nem
316 483 547 537 pedestrem
585 484 869 524 transduxisse
897 484 1180 536 dicitur-,quo
1216 484 1377 533 negotio
1415 484 1514 524 nihil
1544 481 1547 483 ’

196 555 247 596 ab
276 556 461 595 historici
496 556 606 595 iusta
642 568 765 608 opera
800 556 969 596 alienius
1010 568 1097 595 esse
1133 560 1277 609 potest.
1333 555 1514 602 Mutat-ur

197 618 334 669 autem
360 628 555 669 iudicium
582 632 766 669 nostrum
792 630 827 669 si
853 629 944 670 illos
974 630 1272 670 consideremus
1285 629 1512 676 historicos,

196 702 311 754 qui‚-
344 712 589 753 quamquam
625 701 771 753 prioris
812 702 958 742 aetatis
1003 702 1239 741 memoriam
1277 713 1361 741 non
1392 701 1512 754 plane

196 773 449 823 omittebant,
478 773 599 814 rebus
626 774 696 814 illo
720 778 902 826 tempore
929 776 1053 825 gestis
1081 775 1287 815 tradendis
1315 786 1514 817 summam

197 847 353 896 dabant
379 858 557 899 operam.
587 846 738 893 Quibus
763 847 807 886 in
834 847 1109 887 describendis
1130 850 1171 887 et
1195 847 1275 900 ipsi
1302 847 1513 892 veritatem

195 932 319 972 quam
346 919 525 959 maxime
554 919 803 971 quaerebant
831 924 871 961 et
897 920 1082 969 lectores,
1113 921 1180 972 qui
1207 920 1271 961 vel
1297 920 1416 961 rebus
1445 929 1524 971 ge-⁴

195 994 271 1034 stis
299 992 568 1034 interfuerant
595 993 659 1033 vel
687 1005 712 1033 a
738 993 910 1035 testibus
947 994 1099 1034 iustum
1135 998 1387 1047 acceperant>
1410 1006 1516 1035 nun-

194 1069 313 1113 tium,
352 1067 490 1106 omnia
520 1070 691 1118 peccata
718 1071 758 1106 et
783 1067 1008 1117 intelligere
1045 1071 1085 1106 et
1121 1071 1263 1108 notare
1305 1071 1516 1120 poterant;

195 1152 275 1192 quo
301 1138 436 1188 fiebat,
463 1142 508 1178 ut
534 1138 726 1179 historico
755 1151 856 1191 opus
893 1142 1000 1179 esset
1036 1140 1222 1180 doctrina
1249 1140 1421 1192 quadam
1442 1142 1514 1179 vat-

195 1226 272 1268 que
301 1212 540 1263 sagacitate,
571 1224 650 1264 qua
676 1211 784 1252 falsa
810 1199 992 1265 fictaque
1009 1212 1155 1252 averis
1183 1213 1391 1262 seiungere
1417 1207 1513 1264 pos-

194 1290 270 1327 set.
300 1286 394 1333 Quis
424 1289 560 1324 autem
586 1287 718 1334 neget,
744 1284 820 1325 hoc
848 1286 965 1325 modo
993 1285 1078 1325 fieri
1105 1298 1184 1325 non
1200 1286 1392 1337 potuisse,
1420 1285 1519 1336 quin

194 1359 349 1402 sensim
378 1370 445 1398 ars
475 1358 619 1398 critica
646 1361 846 1406 oreretur,
877 1359 1063 1410 quamvis
1098 1359 1212 1402 rudis,
1234 1362 1273 1399 et
1295 1343 1345 1398 'ut‘
1370 1359 1433 1398 ita·
1455 1358 1513 1398 di-

196 1447 289 1476 cam
315 1432 492 1475 horrida.
540 1430 775 1472 Sententiae
810 1432 971 1484 quidem
999 1431 1088 1472 loco
1114 1431 1190 1472 hoc
1220 1443 1513 1484 proponamus:

194 1507 449 1557 Simulatque
477 1505 718 1556 scriptorum
748 1505 960 1544 consilium
990 1516 1058 1544 eas
1087 1517 1164 1552 res,
1194 1516 1295 1556 quae
1322 1504 1385 1544 vel
1413 1505 1515 1556 ipsis

193 1580 366 1623 testibus
395 1576 459 1619 vel
490 1577 590 1629 ipsis
617 1577 846 1617 viventibus
876 1578 1134 1626 acciderunt,
1161 1580 1339 1617 tractare
1364 1576 1527 1628 coepit,r

195 1666 263 1694 ars
293 1652 438 1692 critica
465 1651 618 1690 existat
643 1662 810 1690 necesse
840 1654 912 1690 est.
944 1651 1023 1690 Sed
1053 1651 1135 1690 iam
1163 1651 1215 1691 ad
1243 1649 1513 1702 logographos
1564 1647 1570 1653 ’

191 1727 407 1767 redeamus
436 1735 653 1775 eorumque
680 1722 772 1763 illos
801 1724 843 1763 in
871 1724 971 1763 artis
999 1724 1161 1770 criticae
1188 1723 1314 1763 initiis
1332 1726 1515 1780 versatos

195 1798 427 1840 afferamus.
467 1796 644 1844 Quorum
670 1795 791 1847 longe
817 1797 990 1849 primum
1017 1796 1199 1836 obtinent
1224 1796 1356 1836 locum
1376 1795 1528 1839 ,Heca-,A

190 1877 308 1913 taeus
336 1870 520 1911 Milesius
548 1866 588 1908 et
613 1868 848 1909 Hellanicus
876 1869 1058 1917 Lesbius,
1087 1870 1155 1920 qui
1183 1881 1264 1911 non
1291 1868 1513 1909 solumre‘-

192 1944 269 1985 bus
295 1943 368 1984 illa
395 1945 527 1982 aetate
557 1941 682 1992 gestis
712 1943 964 1988 studuerunt,
990 1942 1061 1983 sed
1081 1942 1202 1984 etiam
1226 1942 1386 1994 patriae
1415 1942 1536 1985 fines<

192 2017 346 2069 egressi
375 2015 548 2056 aliarum
575 2017 777 2054 terrarum
813 2014 1131 2067 populorumque
1160 2026 1224 2054 res
1251 2015 1515 2066 fortunasque

190 2090 313 2131 latius
352 2092 472 2142 atque
510 2087 741 2138 diligentius
783 2091 1070 2129 tractaverunt.
1127 2087 1240 2136 Quod
1276 2092 1322 2128 ut
1360 2088 1536 2130 efficere:

191 2166 378 2217 possent,
424 2162 647 2214 longinqua
683 2163 859 2202 inierunt
892 2162 1040 2201 itinera
1077 2164 1198 2212 atque
1235 2160 1376 2213 Ulyxis
1403 2172 1517 2203 more

192 2234 451 2291 permigratis
480 2235 599 2275 terris
629 2235 883 2286 cognitisque
920 2232 1144 2281 incolarum
1183 2233 1366 2282 moribus
1391 2236 1537 2284 atque,

191 2309 327 2351 indole
355 2309 519 2348 domum
548 2307 700 2347 reversi
728 2308 834 2346 cives
872 2306 1034 2359 scriptis
1062 2306 1444 2357 narrationibusque
1475 2309 1515 2348 et

190 2381 415 2424 edocebant
443 2385 483 2420 et
510 2380 777 2424 delectabant.
822 2380 895 2420 His
924 2383 1032 2425 recte
1072 2380 1281 2432 perpensis
1309 2392 1406 2419 num
1434 2378 1518 2421 He-.

191 2461 379 2496 eataeum
416 2453 479 2494 vel
521 2453 774 2493 Hellanicum
813 2466 902 2494 cum
940 2453 1143 2494 Acusilais
1178 2453 1260 2493 illis
1300 2453 1537 2492 conferas22
