1718 2859
712 184 1028 224 ...33-

215 290 470 330 demonstrat
487 291 532 342 ¹).
565 290 989 338 „Provocationem—
1022 290 1142 329 ait—
1172 265 1293 328 etiarn
1324 301 1348 328 a
1376 290 1537 339 regibus

214 362 340 404 fuisse
368 360 581 404 declarant
606 363 803 415 pontificii
840 361 956 411 libri,
995 363 1224 413 significant
1261 362 1382 401 etiam
1412 363 1540 402 nostri

213 435 470 486 augurales.“
500 436 639 488 Neque
666 437 799 475 minus
826 435 920 483 illa,
951 448 1053 487 quae
1081 435 1160 476 alio
1189 435 1276 475 loco
1306 435 1415 487 apud
1443 449 1539 475 eun-

212 507 306 549 dem
333 508 576 561 scriptorem
614 508 823 560 leguntur,
878 507 971 548 huic
1011 512 1174 548 nostrae
1216 509 1440 548 sententiae
1480 509 1538 547 fa-

213 580 381 634 vent²)=
409 580 656 630 „Possumus
685 581 879 621 disertum
908 583 1107 633 suspicari
1135 581 1337 621 Tiberium
1366 581 1540 621 Cor-run-

213 655 400 701 canium,
437 654 542 707 quod
569 666 620 693 ex
648 654 885 706 pontificum
924 655 1222 694 commentariis
1261 654 1379 708 longe
1415 653 1541 706 pluri-

214 737 326 767 mum
351 727 514 778 ingenio
543 726 721 767 valuisse
755 727 979 767 videatur.“
1037 728 1167 775 Quare
1206 727 1344 767 Cicero
1380 715 1541 779 pontifi-

213 811 308 843 cum
333 800 459 841 libros
488 801 673 841 eiusdem
696 801 889 840 momenti
918 813 1005 840 esse
1045 801 1251 857 contendit
1290 802 1342 842 ad
1370 812 1540 850 cognos-

209 873 343 928 cenda
382 874 667 926 antiquissima
702 877 886 925 tempora
910 885 958 913 ac
985 872 1061 913 XII
1099 872 1262 913 tabulae
1298 874 1441 924 iusque
1483 873 1540 912 ci-

214 946 315 986 vile:
355 945 630 994 „Plurima--
658 947 716 986 ait
735 946 832 995 ³)—
859 951 920 986 est
957 947 997 986 in
1037 948 1144 987 omni
1181 947 1266 987 iure
1296 946 1405 986 civili
1434 948 1474 984 et
1500 947 1541 985 in

214 1018 452 1071 pontificum
486 1019 604 1061 libris
632 1019 741 1059 etin
779 1018 855 1058 XII
893 1018 1042 1058 tabulis
1080 1020 1335 1071 antiquitatis
1375 1018 1540 1069 effigies,
1575 1041 1577 1044 -

213 1092 323 1144 quod
351 1095 392 1132 et
419 1092 634 1132 verborum
660 1093 796 1144 prisca
843 1096 1022 1132 vetustas
1063 1094 1318 1141 cognoscitur
1347 1098 1386 1133 et
1414 1093 1541 1132 actio-

215 1177 312 1206 num
342 1166 545 1218 quaedam
574 1177 722 1216 genera
749 1166 951 1206 maiorum
980 1166 1306 1206 consuetudinem
1336 1166 1539 1217 vitamque

213 1238 425 1279 declarant
465 1239 746 1279 commentarii
793 1251 1010 1278 sacrorum.
1024 1242 1046 1259 ‘⁶
1113 1222 1267 1279 Deinde
1320 1239 1542 1280 afferuntur

212 1313 496 1352 commentarii
523 1325 663 1362 regum
677 1312 724 1364 ⁴),
756 1312 996 1364 praesertim
1023 1312 1243 1360 Numae⁵),
1271 1311 1434 1353 tabulae
1462 1311 1538 1361 lig-

209 1395 311 1424 neae
341 1384 410 1431 (ob
439 1385 613 1425 formam
642 1388 682 1424 et
708 1384 876 1424 linteum
893 1412 903 1429 ‚
934 1396 1010 1436 quo
1042 1384 1396 1435 circumdabantur
1422 1384 1538 1431 „tho-

209 1468 325 1497 races
363 1457 504 1503 lintei“
543 1457 757 1510 appellati)
770 1457 820 1507 ⁶),
864 1458 1073 1497 columnae
1085 1456 1138 1506 ⁷),
1176 1458 1218 1497 in
1256 1458 1400 1510 quibus
1426 1457 1535 1507 leges

207 1542 369 1581 regum,
397 1530 585 1579 foedera,
636 1530 742 1571 bella
770 1531 941 1571 feliciter
968 1534 1104 1580 gesta,
1143 1530 1301 1583 aliaque
1339 1530 1536 1583 inscripta

206 1606 334 1644 erant.

292 1729 330 1770 1)
343 1728 402 1771 ⁴De
424 1737 495 1769 rep.
518 1728 563 1769 11,
587 1729 638 1761 31.

289 1791 329 1832 2)
352 1791 448 1823 Brut.
471 1791 524 1829 14,
549 1791 603 1823 55.

290 1854 327 1894 3)
352 1853 400 1885 De
423 1855 506 1885 orat.
532 1853 559 1894 1,
582 1853 679 1886 43.-
703 1856 744 1886 cf.
769 1856 864 1886 etiam
888 1856 984 1885 Dion.
1009 1855 1085 1887 Hal.
1110 1856 1151 1885 A.
1175 1854 1218 1885 R.
1242 1864 1273 1895 p.
1300 1854 1532 1894 1639et1983;

206 1916 348 1948 Senecae
371 1926 423 1958 ep.
448 1915 530 1955 1083
554 1915 639 1948 Gell.
664 1916 704 1948 N.
730 1917 771 1949 A.
796 1917 884 1954 XIII,
910 1917 978 1956 2⁴23
1000 1916 1077 1948 Tac.
1100 1917 1183 1948 Anu.
1208 1917 1266 1955 1¹1,
1293 1920 1344 1949 58.

290 1978 327 2019 4)
350 1978 425 2010 Liv.
450 1979 477 2015 1,
502 1976 556 2018 32,
580 1976 632 2010 60.
1274 1967 1276 1969 ’

288 2041 327 2083 5)
352 2040 425 2073 Liv.
449 2039 477 2078 1,
502 2040 555 2073 31.

287 2103 324 2145 6)
347 2103 420 2135 Liv.
444 2102 499 2141 lv,
523 2102 577 2135 20.
602 2103 656 2135 32.

288 2166 325 2208 7)
347 2170 376 2200 Α
399 2167 496 2199 Dion.
522 2165 564 2198 A.
589 2165 630 2197 R.
655 2176 685 2207 p.
711 2166 773 2199 353
796 2168 827 2198 et
849 2167 911 2200 509
950 2171 1073 2208 στῆλαι
1106 2168 1285 2199 afferuntur
1319 2171 1350 2199 et
1373 2171 1478 2199 tamen
1501 2178 1535 2210 p.

202 2229 268 2263 519
290 2229 449 2270 legimus:
474 2228 649 2273 ..χάλκεαι
669 2229 738 2274 ’γὰρ
764 2232 886 2269 στ’ἡλαι
912 2228 1004 2263 οὕτω
1029 2232 1107 2264 τότε
1132 2224 1229 2272 ἦσαν,
1258 2230 1337 2263 ἀλλ’
1361 2231 1394 2263 ἐν
1420 2232 1436 2262 ὃ
1453 2229 1538 2275 qus-

200 2306 299 2331 ναις
318 2291 556 2337 ἐχαράττοντο
580 2291 764 2323 σανίσιν
790 2292 858 2325 οἵτε
893 2294 989 2335 νόμοι
1018 2294 1073 2325 καὶ
1099 2291 1134 2325 αἶ
1155 2293 1230 2338 περὶ
1251 2298 1316 2326 τῶν
1345 2291 1441 2337 ἶερῶν
1468 2295 1536 2324 δια-

199 2355 354 2399 γραφαί.
403 2354 475 2386 Nisi
499 2355 600 2394 igitur
624 2354 719 2385 Dion.
744 2355 805 2386 sibi
829 2355 891 2396 ipsi
927 2358 1088 2396 repugnat
1123 2355 1197 2388 illae
1230 2356 1395 2389 columnae
1418 2356 1538 2388 fuerint

199 2416 329 2456 ligneae
352 2424 486 2447 necesse
509 2419 558 2447 est
581 2419 613 2448 ct
636 2416 764 2447 caedem
788 2417 936 2458 quidem,
963 2427 1043 2459 quae
1066 2420 1125 2451 hoc
1148 2419 1221 2452 loco
1247 2418 1377 2464 δρυῒναι
1404 2419 1499 2452 <ra-‚11¹5
1510 2432 1539 2455 ες

198 2480 368 2511 vocantur.
