1718 2859
702 171 1023 212 —26-

193 276 247 316 ad
275 277 418 328 poesin
446 276 740 329 quodammodo
768 278 877 325 nati,
903 281 990 317 tum
1018 278 1206 317 diuturno
1236 275 1305 316 illo
1334 278 1519 328 poeticae

193 349 394 390 orationis
420 361 495 389 usu
519 348 709 390 effectum
738 362 827 391 esse
866 354 991 402 patet.
1041 342 1124 391 Sed
1161 362 1251 390 cum
1290 350 1521 399 fragmenta

191 422 285 473 ipsa
311 421 653 474 logographorum
680 426 766 462 tam
794 435 927 476 pauca
951 424 1045 472 sint,
1075 428 1179 476 quae
1199 424 1250 463 de
1272 434 1411 462 eorum
1433 423 1520 464 die-

191 495 303 536 tione
331 497 485 536 certam
512 508 594 536 non
622 497 842 538 admittant
879 498 1121 539 sententiam
1135 530 1145 545 ,
1199 500 1380 538 veterum
1403 498 1518 538 testi-

190 570 340 609 moniis
366 570 410 609 in
436 569 513 610 hac
552 571 905 610 commentationis
940 574 1058 623 parte
1094 582 1216 622 quam
1251 571 1429 609 maxime
1456 570 1519 609 ni-

183 644 338 682 tamur*
354 653 519 682 necesse
548 643 640 683 erit.

293 714 480 755 Dialecto
517 715 643 764 igitur
683 716 747 755 usi
785 720 880 756 sunt
917 717 1072 764 ionica,
1127 728 1229 768 quae
1265 719 1361 756 tunc
1393 717 1434 755 in
1472 728 1521 756 ea

188 787 314 829 Asiae
340 790 471 840 parte,
500 788 612 828 cuius
640 788 748 829 cives
775 789 1015 841 logographi
1041 793 1168 836 erant,
1195 801 1315 840 quam
1344 790 1521 829 maxime

189 861 322 912 viguit
349 858 447 913 (τὴν
475 862 562 909 τοῖς
588 859 688 901 τότε
717 860 884 916 χρόνοις
919 860 1092 917 μάλιστ’
1120 859 1414 914 ἅνθουσανγ).
1458 862 1518 902 De

188 934 349 976 dicendi
376 937 511 974 autem
540 947 684 985 genere
714 948 858 976 omnes
885 937 969 975 fere
985 940 1163 976 veterum
1176 936 1402 976 sententiae
1420 948 1515 975 con—

188 1008 360 1048 tendunt
386 1006 679 1060 logographos,
723 1021 814 1049 cum
844 1010 931 1050 sine
971 1009 1066 1049 ullis
1098 1009 1344 1049 ornamentis
1373 1010 1518 1049 dictio-

187 1081 251 1121 nis
279 1085 508 1129 narrarent,
538 1094 618 1121 non
646 1085 729 1121 tam
759 1076 1027 1122 exornatores
1051 1095 1207 1130 rerum,
1237 1095 1357 1134 quam
1376 1095 1516 1121 narra-

186 1158 295 1194 tores
323 1152 508 1207 fuisse2).
561 1153 727 1205 Apertis
755 1158 891 1194 autem
928 1155 1063 1194 verbis
1102 1155 1320 1207 Dionysius
1349 1154 1439 1194 Hal.
1468 1155 1513 1194 in

188 1241 235 1268 eo
262 1227 379 1275 libro,
408 1239 527 1278 quem
556 1228 605 1267 de
632 1227 880 1279 Thucydidis
909 1228 1152 1280 conscripsit
1178 1228 1370 1275 historia,
1400 1227 1514 1277 Iogo-

187 1301 434 1352 graphorum
462 1299 683 1338 dictionem
711 1300 922 1340 distinxit:
951 1298 1073 1349 Λὲξιν
1102 1306 1212 1339 τε-
1239 1296 1424 1347 ait—<519
1451 1297 1516 1338 ἐπὶ

186 1371 236 1414 τὸ
266 1368 377 1412 πολὺ
404 1368 483 1424 τὴν
513 1366 648 1424 αὑτὴν
677 1368 859 1420 ἅπαντες
887 1371 1180 1424 ἐπετήδευσαν,
1210 1369 1301 1411 ὅσοι
1330 1370 1426 1421 τοὺς
1446 1368 1516 1411 αὖ·

186 1443 282 1494 τοὺς
309 1443 556 1500 προείλοντο
585 1446 668 1484 τῶν
699 1444 930 1484 διαλέκτων
959 1448 1260 1500 χαρακτῆρας,
1294 1444 1372 1499 τὴν
1402 1447 1514 1498 σαφῆ

187 1517 257 1559 καὶ
289 1517 431 1572 κοινὴν
461 1515 530 1557 καὶ
560 1516 754 1573 καθαρὰν
786 1516 855 1557 καὶ
886 1514 1091 1573 σύντομον
1122 1516 1192 1557 καὶ
1222 1521 1307 1567 τοῖς
1321 1516 1515 1573 πράγμα-

187 1607 225 1632 σι
255 1593 439 1647 προςφυῆ
470 1589 540 1629 καὶ
578 1592 786 1646 μηδεμίαν
826 1591 1050 1645 σκευαρίαν
1089 1590 1385 1645 ἐπιφαίνουσαν
1413 1605 1521 1643 τεχ-

186 1667 326 1719 νικήν“
356 1663 571 1718 ἐπιτρέχει
599 1664 743 1720 μέντοι
772 1681 832 1714 τις
859 1662 946 1718 (ὅρα
965 1666 1050 1713 τοῖς
1089 1663 1220 1719 ἔργοις
1257 1659 1416 1704 αὐτῶν·
1446 1661 1516 1702 καὶ

186 1738 312 1795 χάρις
338 1739 424 1785 τοῖς
448 1736 525 1790 μὲν
553 1736 707 1786 ’γι-,λείων
736 1739 822 1785 τοῖς
859 1735 1083 1777 δ’ἑλάττων
1123 1736 1172 1776 δι’
1201 1736 1251 1792 ἢν
1280 1735 1342 1777 ἔτι
1371 1736 1514 1792 μένου-

187 1826 250 1852 σιν
280 1806 419 1852 αὐτῶν
449 1812 492 1849 αἱ
520 1811 692 1866 γραφαί.
748 1811 859 1851 Idem
902 1812 988 1852 fere
1017 1812 1118 1852 dicit
1144 1812 1187 1852 in
1214 1812 1393 1853 eiusdem
1419 1810 1538 1852 libri-

186 1899 227 1939 p.
256 1887 347 1936 864,
392 1898 444 1926 ex
471 1897 549 1937 quo
581 1889 755 1938 apparet
793 1885 1137 1938 logographorum
1181 1886 1399 1926 dictionem
1432 1898 1514 1925 non

186 1960 296 2001 omni
326 1960 489 2012 quidem
517 1961 730 1998 venustate
773 1959 974 2004 caruisse,
1029 1959 1100 1998 sed
1141 1962 1277 1998 tamen
1318 1970 1517 1998 summam

187 2034 273 2074 eius
303 2032 464 2072 laudem
493 2032 536 2072 in
564 2032 741 2084 puritate
773 2034 813 2071 et
838 2031 1129 2084 perspicuitate
1164 2031 1340 2083 positam
1368 2043 1456 2070 esse
1468 2028 1515 2080 3).

186 2107 364 2155 Quorum
390 2105 539 2146 iudicio
579 2104 782 2145 consentit
819 2104 979 2152 Cicero,
1021 2105 1089 2156 qui
1115 2103 1215 2144 haec
1242 2104 1327 2144 fere
1355 2105 1405 2144 de
1433 2103 1516 2143 illis

184 2178 332 2220 habet:
375 2178 632 2230 „Scriptores
659 2176 721 2216 illi
749 2189 879 2230 neque
921 2180 1080 2226 tenent,
1119 2178 1264 2230 quibus
1295 2177 1417 2217 rebus
1450 2190 1515 2217 or-⁴

271 2347 309 2388 1)
333 2348 429 2379 Dion.
454 2346 529 2378 Hal.
554 2345 620 2378 iud.
645 2339 684 2377 d'e
709 2344 806 2376 Thuc.
829 2355 863 2386 p.
885 2344 962 2378 864.

269 2410 308 2451 2)
333 2409 406 2442 Cic.
429 2407 468 2440 de
492 2411 576 2441 orat.
602 2409 648 2449 11,
673 2407 726 2441 12.

270 2473 308 2515 3)
333 2472 375 2506 cf.
402 2469 617 2513 Hermogenis
639 2469 714 2515 περὶ
744 2470 842 2505 ἰδεῶν
862 2480 894 2513 p.
919 2470 996 2505 399.
