1718 2859
698 177 749 184 —
832 149 1018 218 4⁶,···

186 255 351 296 Valerio
390 257 629 308 Maximffl),
669 271 749 299 non
785 260 986 300 immerito
1026 263 1071 300 ut
1107 261 1287 310 videtur,
1326 268 1508 313 vocatus,

184 340 398 369 numerum
424 329 619 379 militum,
650 343 749 384 quos
779 331 821 371 P.
852 332 990 385 Scipio
1019 345 1069 372 ex
1094 323 1234 373 Sicilia
1259 334 1300 373 in
1328 334 1511 377 Africam

184 403 403 441 traiecerat
441 407 653 455 poetarum
686 416 821 452 more,
860 406 1132 456 exaggeravit.
1178 405 1367 457 Legimus
1404 408 1511 449 enim

184 475 293 527 apud
320 474 480 514 Livium
497 476 554 525 ²)=
584 477 791 526 „Coelius,
834 481 880 518 ut
916 478 1093 519 abstinet
1119 491 1283 519 numero
1299 508 1310 525 ‚
1367 481 1426 521 ita
1453 483 1507 522 ad

181 548 423 588 immensum
469 548 738 590 multitudinis
787 550 961 603 speciem
1006 555 1137 602 auget.
1221 551 1413 593 Volucres
1459 556 1513 595 ad

182 624 336 661 terram
364 621 553 673 delapsas
583 615 757 662 clamore
784 622 958 662 militum
987 624 1068 672 ait,
1098 627 1331 676 tantamque
1368 625 1505 666 multi-

182 693 363 732 tudinem
388 695 670 734 conscendisse
699 707 834 742 naves
863 698 909 735 ut
934 707 1050 736 nemo
1078 696 1307 736 mortalium
1352 701 1423 752 aut
1463 699 1524 738 in>

183 764 305 804 Italia
334 768 407 804 aut
434 766 476 804 in
503 766 643 806 Sicilia
671 767 846 818 relinqui
874 767 1119 809 videretur.“
1174 769 1257 808 Alii
1286 769 1383 815 loci,
1418 771 1506 829 qui-

183 837 259 877 bus
305 838 467 878 illorum
512 840 755 891 scriptorum
793 841 1015 880 narrationi
1056 842 1154 881 fides
1196 841 1418 892 denegatur
1459 844 1502 882 in

182 910 288 950 Livii
320 914 360 949 et
395 910 578 962 Dionysii
615 911 707 951 Hal.
743 912 922 952 historiis
959 912 1079 952 facile
1118 919 1351 963 occurrimt;
1387 926 1504 954 nemo

179 986 315 1023 autem
344 984 506 1035 saepius
535 984 618 1023 fere
648 989 688 1024 et
716 986 882 1034 gravius
901 984 1204 1037 reprehenditur
1231 991 1301 1026 aut
1328 986 1506 1027 levitatis

178 1056 459 1107 mendaciique
503 1057 709 1107 arguitur,
765 1069 884 1108 quam
936 1057 1122 1097 Valerius
1172 1058 1331 1099 Antias.
1386 1058 1505 1100 Haud

177 1142 272 1170 raro
303 1142 461 1182 quoque
490 1130 648 1181 patriae
676 1130 824 1170 nimius
853 1143 971 1170 amor
986 1130 1259 1171 Romanorum
1287 1132 1505 1184 scriptores

178 1191 392 1256 permovit,
420 1207 466 1243 ut
498 1203 677 1243 hostium
712 1204 884 1243 virtutes
923 1204 1157 1252 ignorarent
1184 1203 1247 1243 vel
1274 1204 1502 1245 reticerent.

177 1277 301 1317 Cuius
339 1277 398 1315 rei
439 1275 669 1327 exemplum
704 1275 871 1327 praebet
913 1275 1025 1315 locus
1070 1275 1138 1315 ille
1179 1275 1307 1324 Livii,
1345 1277 1413 1328 qui
1453 1278 1502 1317 de

180 1347 423 1389 Hannibalis
450 1348 630 1388 moribus
659 1348 765 1398 agit,
794 1360 844 1388 ex
885 1361 961 1400 quo
1002 1352 1190 1402 apparet,
1224 1348 1319 1388 belli
1361 1348 1503 1389 Punici

176 1423 343 1463 secundi
371 1423 589 1474 scriptores
616 1422 967 1473 praestantissimo
1007 1421 1067 1461 illi
1104 1422 1196 1461 duci
1234 1434 1314 1461 non
1354 1422 1501 1474 ubique

172 1496 300 1536 iustos
330 1507 373 1535 se
399 1494 637 1547 praebuisse
663 1494 828 1534 iudices.

279 1569 470 1621 Sequitur
493 1572 538 1608 ut
566 1568 846 1614 diiudicemus,
874 1571 1010 1607 utrum
1027 1569 1146 1607 fidem
1174 1571 1383 1620 praestare
1424 1580 1497 1620 po-

170 1642 324 1683 tuerint
363 1643 582 1694 scriptores
631 1640 693 1680 illi
739 1652 876 1681 necne.
933 1641 1018 1680 Iam
1067 1653 1190 1692 supra
1232 1641 1384 1680 dictum
1424 1643 1497 1689 est,

171 1727 308 1754 rerum
346 1717 551 1764 gestarum
578 1716 840 1752 monumenta
865 1713 959 1752 inde
996 1713 1047 1752 ab
1076 1713 1368 1765 antiquissimis
1397 1716 1499 1753 tem-

168 1787 335 1841 poribus
363 1786 512 1828 Romae
548 1787 712 1827 condita
751 1789 872 1839 atque
909 1785 1019 1827 culta
1041 1787 1190 1835 fuisse,
1237 1798 1313 1839 quo
1342 1786 1498 1827 factum

171 1864 247 1908 est,
275 1864 321 1900 ut
335 1860 600 1912 scriptoribus
628 1859 743 1909 larga
770 1859 975 1898 scribendi
1002 1860 1345 1911 materiapraesto
1375 1863 1493 1899 esset.

167 1934 225 1975 At
249 1933 349 1975 haec
377 1946 512 1974 rerum
532 1936 737 1982 gestarum
756 1936 1025 1982 monumenta,
1053 1944 1143 1973 cum
1154 1931 1304 1973 fabulis
1322 1932 1493 1984 mythis-

167 2020 245 2060 que
287 2007 441 2047 referta
478 2009 634 2054 essent,
689 2007 817 2044 artem
858 2006 1040 2045 criticam
1081 2008 1201 2056 atque
1237 2005 1414 2044 animum
1441 2004 1492 2044 ab

168 2080 277 2122 omni
304 2079 590 2132 superstitione
615 2077 786 2119 liberum
801 2077 1097 2126 desiderabant,
1126 2082 1170 2118 ut
1196 2079 1303 2117 iusta
1316 2078 1484 2119 historia

165 2154 333 2194 haberet
359 2141 495 2193 locum
524 2165 653 2193 suum.
711 2152 818 2199 Quae
846 2151 906 2191 illi
935 2152 1011 2191 viri
1038 2151 1089 2190 iis
1124 2163 1205 2190 non
1244 2151 1391 2203 ubique
1421 2152 1494 2191 ad-

165 2225 408 2274 hibuerunt,
439 2238 531 2265 cum
556 2237 685 2277 neque
714 2237 760 2266 eo
798 2225 922 2266 animi
960 2225 1163 2273 acumine,
1191 2224 1276 2265 sine
1318 2237 1395 2277 quo
1433 2224 1495 2264 hi-

249 2393 285 2433 1)
307 2392 329 2424 1.
356 2393 382 2424 1.
409 2402 459 2434 cp.
484 2392 515 2424 7.

246 2455 283 2496 2)
307 2454 331 2489 l.
353 2454 464 2496 XXIX,
487 2464 537 2495 cp.
560 2454 612 2487 25.

1686 2036 1713 2092 un,
