1718 2859
736 143 1025 181 -6-<

201 249 389 290 acumina
419 251 541 302 atque
579 248 740 289 labores
770 248 1041 301 complectens
1081 252 1232 299 surgat.
1274 246 1325 287 Et
1356 247 1531 288 maxime

201 323 364 375 quidem
401 323 613 382 doctorum
641 323 820 362 virorum
857 323 1100 361 industriam
1128 323 1169 361 in
1215 320 1460 361 Graecorum
1491 326 1531 361 et

200 395 475 436 Romanorum
505 399 592 436 arte
621 394 816 435 historica
844 398 1051 434 versatum
1081 406 1262 434 essenon
1290 398 1351 434 est
1380 394 1531 434 miran-

199 469 309 516 dum,
366 469 556 521 quoniam
584 468 771 520 exempla
800 468 1129 520 praeclarissima
1159 467 1392 519 praebeant,
1426 479 1531 518 quae

200 540 496 593 posterioribus
526 540 776 593 temporibus
803 553 936 580 rerum
969 541 1187 593 scriptores
1219 540 1367 579 imitati
1397 540 1528 579 maxi-

202 627 271 654 ma
300 627 352 654 ex
379 618 496 667 parte
525 626 606 654 non
644 614 932 666 adaequarunt.
978 613 1128 661 Quibus
1164 613 1323 653 illorum
1353 613 1529 652 virorum

200 678 391 740 operibus
427 688 477 728 de
507 687 740 740 primordiis
777 688 876 727 artis
904 676 1120 727 historicae
1142 687 1250 739 apud
1279 685 1455 725 Graecos
1486 690 1526 727 et

200 760 409 801 Romanos
438 762 719 814 disputaturus
748 773 845 801 usus
876 761 965 809 sim,
996 761 1039 800 in
1065 761 1156 812 ipsa
1184 760 1526 800 commentatione

201 845 275 873 suo
306 834 493 886 quodque
517 833 608 873 loeo
639 834 852 881 afferetur3
884 832 966 873 alia
994 833 1145 872 invitus
1177 831 1418 872 desideravi.

300 905 361 946 De
390 905 640 947 Graecorum
668 906 793 957 igitur
824 907 923 945 artis
939 905 1157 945 historicae
1189 905 1424 958 primordiis
1436 906 1524 946 dis-

194 979 357 1031 putatio
388 980 521 1031 prima
550 980 637 1019 erit.

302 1051 357 1091 Ut
385 1051 462 1092 hoc
503 1051 593 1091 loco
634 1051 756 1091 latius
793 1052 842 1091 de
883 1051 1024 1090 Graeci
1056 1051 1191 1103 populi
1222 1051 1357 1091 indole
1402 1055 1526 1105 atque

196 1125 358 1174 ingenio
396 1137 516 1175 agere
545 1126 804 1171 omittamus,
847 1124 966 1163 facile
1005 1125 1164 1163 veniam
1201 1125 1524 1176 impetrabimus.

195 1197 303 1237 Sane
344 1197 404 1238 ita
450 1197 502 1237 de
541 1209 697 1237 summa
737 1196 880 1237 Graeci
928 1197 1079 1247 ingenii
1124 1198 1376 1249 praestantia
1420 1198 1527 1238 inter
1575 1194 1582 1201 '

198 1282 338 1309 omnes
363 1274 534 1318 constat,
562 1274 607 1310 ut
634 1283 725 1310 eam
754 1272 901 1310 iterum
922 1274 1097 1310 tractare
1120 1270 1220 1309 nihil
1231 1271 1295 1318 sit,
1323 1272 1401 1310 nisi
1422 1272 1525 1311 doc-

195 1343 446 1391 tissimorum
485 1343 665 1383 virorum
695 1343 918 1383 sententias
948 1355 1176 1395 recoquere.
1205 1343 1386 1392 Accedit,
1417 1345 1523 1395 quod

196 1419 237 1456 et
263 1415 339 1456 hac
378 1428 534 1468 quoque
578 1417 627 1456 de
656 1419 742 1456 arte
770 1415 966 1456 historica
1007 1418 1341 1456 commentatione
1378 1422 1519 1457 notum

194 1487 295 1528 illud
323 1489 516 1529 iudicium
543 1501 623 1528 non
635 1488 754 1529 modo
783 1501 864 1529 non
892 1488 1159 1537 debilitatum,
1189 1489 1261 1529 sed
1289 1490 1411 1530 etiam
1426 1502 1522 1531 auc-

193 1565 279 1603 tum
307 1562 573 1602 inveniemus.
1407 1560 1418 1570 '

325 1635 448 1689 Apud
476 1634 651 1675 Graecos
683 1648 839 1688 quoque
880 1639 1008 1676 artem
1038 1634 1269 1676 historicam
1300 1648 1350 1676 ex
1376 1636 1522 1677 iisdem

191 1709 276 1749 fere
303 1709 494 1757 fontibus,
535 1721 555 1748 e
580 1709 723 1761 quibus
752 1710 859 1760 aqud
878 1708 1092 1761 plerosque
1119 1709 1303 1761 populos,
1331 1722 1519 1750 manasse

191 1781 312 1822 facile
341 1783 693 1833 argumentatione
723 1782 1015 1833 pervincemus.
1055 1783 1201 1823 Omnes
1231 1783 1336 1822 enim
1364 1787 1518 1833 gentes,

189 1867 304 1906 quae,
332 1859 377 1894 ut
404 1856 464 1895 ita
491 1846 638 1902 dicam,
668 1857 709 1894 in
748 1856 884 1906 pueris
925 1860 1031 1903 sunt,
1061 1868 1151 1895 cum
1189 1856 1367 1895 nondum
1398 1857 1519 1895 certis

189 1927 385 1967 doctrinis
414 1931 536 1979 atque
577 1928 678 1967 satis
717 1928 893 1983 formata
933 1927 1072 1978 lingua
1111 1928 1285 1975 valeant,
1326 1928 1518 1981 quodam-

186 2001 307 2040 modo
336 2004 482 2041 natura
511 2004 719 2051 coguntur,
760 2002 905 2049 omnia,
937 2013 1037 2052 quae
1067 2002 1170 2052 ipsis
1213 2005 1283 2041 aut
1311 2002 1519 2041 oculorum

189 2075 399 2115 auriumve
428 2075 698 2127 perceptione,
728 2077 798 2114 aut
826 2074 1070 2124 cogitatione
1089 2075 1130 2114 in
1152 2075 1327 2115 mentem
1353 2075 1520 2116 veniunt

187 2159 355 2199 eamque
385 2152 651 2195 commovent,
683 2148 957 2188 eodemmodo
985 2148 1161 2188 formare
1191 2152 1310 2200 atque
1338 2162 1518 2201 pronun-

187 2221 303 2261 tiare.
321 2223 349 2268 ¹)
398 2221 572 2262 Multum
612 2221 720 2261 valet
768 2221 981 2273 apud·eos
1009 2221 1081 2261 illa
1110 2211 1233 2262 animi
1273 2223 1356 2271 vis,
1397 2235 1518 2274 quam

273 2378 306 2419 ¹)
330 2378 377 2409 Dc
400 2379 459 2410 bac
497 2378 614 2418 puerili
639 2379 778 2417 gentium
809 2381 912 2409 aetate
946 2379 1177 2419 quodammodo
1210 2379 1288 2412 illud
1312 2379 1373 2411 dici
1399 2382 1516 2421 posted,

183 2438 270 2482 quod
295 2439 333 2471 de
358 2449 391 2471 sc
417 2440 582 2482 praedicat
608 2439 754 2478 Ovidius,
782 2439 877 2471 Trist.
905 2440 957 2480 lv,
984 2441 1043 2475 10:
