1718 2859
738 155 1052 195 ...23-

156 267 158 269 ’
215 272 297 301 non
316 260 542 313 poterimus
549 271 628 299 non
640 272 731 300 eum
741 258 948 301 Demetrio
956 261 1117 308 sentire,
1130 260 1546 313 q11ilog0graphomm

205 328 434 388 ‘diditionem
463 332 515 380 εἰς
544 330 661 370 κῶλα
691 330 925 386 λελυμένην
955 327 1002 372 οἷ)
1022 330 1139 386 μάλα
1168 330 1550 389 ἂλλήλοίςσυνηρ.»

214 405 371 461 τῃμένα
402 417 573 456 eamque
601 404 736 452 λίθοις
764 404 1060 460 διεῤῥιμμὲνοις
1094 404 1220 460 μόνον
1260 403 1328 444 καὶ
1368 401 1416 452 οὗ
1446 420 1542 459 συγ-

214 477 414 533 κειμένοις
441 469 692 518 simillimam
724 489 813 518 esse
843 480 1050 519 contendit
1065 480 1111 529 ¹).
1148 478 1539 531 Exemplum‚‘quod

213 553 332 593 affert
359 553 443 592 iam
470 564 510 604 p.
541 553 592 590 16
619 552 851 600 citavimus,
877 551 991 591 aliud
1018 552 1129 602 leges
1157 551 1401 604 Pherecydis
1426 552 1541 603 frag-

211 630 334 667 ment.
366 627 431 666 26.

276 707 278 710 ’
319 701 432 753 Opus
461 711 550 739 esse
577 698 749 747 videtur,
778 701 824 738 ut
853 699 1054 739 sententia
1080 702 1383 751 nostrasquam
1413 712 1538 751 supra

210 772 465 827 protulimus,
494 771 587 820 nisi,
630 771 816 811 omnibus
845 772 1105 825 Iogographis
1142 784 1309 823 prorsus
1343 772 1449 811 idem
1477 773 1539 812 di-

210 847 484 897 cendi⁴genus
519 846 647 885 fuisse
684 857 887 894 negemus.
916 845 1011 884 Alio
1035 845 1154 884 modo
1182 845 1277 884 illos
1316 846 1540 896 scripsisse,

210 920 277 973 qui
318 921 501 961 veterum
543 918 724 959 earmina
769 918 898 958 secuti
932 917 1093 958 fabulas
1133 918 1421 966 connexerint,
1457 917 1537 959 alio

208 994 314 1042 illos,
350 994 417 1044 qui
448 1004 544 1031 suae
584 992 733 1031 aetatis
759 1004 826 1030 res
854 994 991 1041 gestas
1028 991 1326 1043 descripserint,
1356 991 1445 1043 quis
1473 995 1536 1031 est

208 1067 305 1119 quin
332 1065 507 1106 sentiat?
545 1064 605 1104 De
647 1063 734 1103 illis
762 1063 862 1103 illud
901 1063 1120 1104 Strabonis
1142 1064 1177 1116 (Ι
1204 1078 1245 1116 p.
1284 1055 1534 1112 18)‘dietum

207 1152 296 1180 esse
323 1138 492 1185 videtur,
522 1137 572 1177 de
598 1136 660 1176 his
680 1149 739 1185 ea,
769 1149 871 1189 quae
884 1138 1100 1186 Ciceronis,
1129 1137 1313 1189 Dionysii
1340 1138 1536 1178 Demetrii

206 1212 491 1265 proposuimus
528 1210 690 1249 iudieia.
745 1210 799 1250 Ut
841 1210 984 1261 paueis
1011 1223 1097 1250 rem
1134 1210 1430 1257 describamus,
1458 1223 1536 1262 quo

206 1285 338 1335 magis
366 1284 429 1324 sui
456 1283 556 1323 iuris
584 1295 673 1323 esse
700 1282 870 1322 historia
901 1283 1126 1331 contendit,
1172 1295 1217 1323 eo
1247 1284 1417 1323 ieiunior
1445 1283 1536 1323 bre-

205 1359 373 1410 viorque
398 1357 476 1396 fuit
503 1349 700 1406 elocutio,
739 1356 929 1407 quoniam
966 1356 1178 1408 repudiato
1206 1357 1367 1411 poetico
1403 1356 1536 1397 colore

205 1435 430 1483 ornatuque
457 1441 605 1469 novam
632 1428 711 1469 sibi
738 1429 846 1468 viam
875 1441 1042 1481 eamque
1069 1429 1347 1481 perdifficilem
1376 1430 1534 1482 aperire

205 1508 329 1557 atque
352 1503 508 1543 munire
538 1502 769 1552 cogebatur.
1383 1501 1387 1505 “

315 1576 400 1617 lam
430 1575 707 1615 utsententia
742 1578 885 1615 nostra
911 1574 960 1614 de
996 1573 1256 1626 logographis
1283 1575 1437 1615 feratur
1462 1588 1534 1615 ne-

204 1663 319 1692 eesse
346 1653 421 1690 est.
460 1648 673 1688 Invideant
701 1648 827 1699 igitur
856 1648 965 1688 docti
990 1648 1120 1688 critici
1157 1648 1422 1701 scriptoribus
1449 1648 1532 1689 illis

202 1726 353 1766 iustam
381 1722 569 1771 laudem,
618 1722 816 1773 denegent
844 1723 895 1762 iis
920 1722 1207 1763 historicorum
1235 1722 1530 1762 nobilissimum

202 1811 361 1846 nomen,
390 1797 463 1838 sed
489 1796 693 1836 liberrime
719 1797 926 1836 fateantur
964 1796 1241 1845 fundamenta,
1269 1797 1354 1836 sine
1383 1796 1530 1848 quibus

201 1873 396 1913 historiae
441 1868 612 1919 insignis
653 1869 773 1908 aedes
814 1872 923 1908 stare
963 1881 1044 1908 non
1085 1870 1304 1921 potuisset,
1360 1868 1410 1908 ab
1446 1868 1530 1908 illis

203 1945 366 1986 condita
409 1942 628 1992 adlataque
672 1953 772 1980 esse.
820 1941 1079 1992 Exeeperunt
1124 1945 1257 1991 autem
1294 1931 1531 1992 logographi

202 2017 376 2071 cyclicos
405 2017 558 2068 poetas,
588 2014 657 2066 qui
686 2025 776 2053 eum
804 2025 869 2052 res
898 2016 1033 2063 gestas
1062 2017 1272 2066 poetarum
1300 2014 1421 2053 modo
1444 2026 1533 2053 me-

198 2092 354 2132 moriae
381 2089 544 2130 tradere
573 2087 734 2135 vellent,
763 2087 902 2139 poesis
938 2086 1094 2137 legibus
1132 2086 1369 2139 plerumque
1397 2087 1531 2130 minus

198 2273 283 2303 tuor
307 2270 432 2300 tantun
456 2266 550 2299 libris
573 2265 743 2298 deduxerit
764 2266 865 2298 immo
886 2266 1017 2306 saepius
1039 2264 1078 2296 ad
1109 2265 1247 2297 aliorum
1279 2273 1400 2305 quoque
1429 2273 1533 2306 popu-

198 2328 304 2365 lorum
326 2340 380 2364 res
412 2330 597 2371 respexisse
635 2328 783 2361 videatur
826 2329 883 2368 (cs.
909 2329 978 2360 cius
1008 2329 1124 2368 fragm.
1149 2328 1190 2361 67
1214 2330 1244 2358 el
1277 2327 1318 2358 77
1350 2329 1381 2358 et
1404 2327 1532 2369 Ephori

199 2395 318 2435 fragm.
344 2393 386 2425 18
408 2396 440 2424 et
462 2391 533 2432 19.)

284 2456 324 2499 1)
349 2455 533 2487 Demetrius
550 2453 588 2486 de
611 2453 790 2487 elocutione
815 2454 845 2496 §.
871 2453 916 2487 12
938 2455 970 2486 et
993 2453 1026 2495 ξ.
1049 2452 1084 2486 13
1105 2452 1156 2486 ed.
1180 2450 1328 2486 Goeller.
