1718 2859
710 207 1025 248 ...43-

168 363 171 365 q
215 313 258 352 in
286 311 388 352 libro
416 310 564 361 ‚,fasti“
590 312 782 365 inscripto
810 312 1024 365 praecipue
1052 308 1338 360 chronologiae
1363 319 1528 360 operam

213 385 373 425 dedisse
399 385 596 438 videtur,
619 385 684 425 hic
721 390 893 438 quatuor
931 385 1192 424 historiarum
1218 382 1333 423 libris
1378 381 1527 422 Roma-

212 469 356 497 norum
396 470 459 498 res
498 460 633 508 gestas
668 458 761 498 inde
802 456 853 497 ab
892 458 1054 497 Aeneae
1091 460 1270 510 tempore
1307 468 1434 508 usque
1475 454 1529 495 ad

210 542 327 570 suam
352 530 480 583 ipsius
510 534 685 571 aetatem
711 530 937 582 descripsit.
987 529 1141 569 Deinde
1168 529 1433 569 nominandus
1464 532 1527 569 est

210 602 256 643 L.
286 603 525 655 Calpurnius
553 602 659 650 Piso,
687 602 736 642 ob
767 603 954 642 virtutem
988 605 1029 641 et
1046 601 1322 651 frugalitatem
1352 601 1525 652 „Frugi“

210 675 451 728 appellatus,
482 676 550 727 qui
578 678 733 726 septem
751 661 963 715 'annalium
989 673 1105 714 libris
1125 674 1286 726 copiose
1310 674 1359 714 de
1373 673 1520 716 Roma-

209 761 352 787 norum
380 747 499 787 rebus
528 748 657 797 egisse
693 751 732 786 et
771 760 839 787 eas
875 760 999 799 usque
1034 748 1087 787 ad
1124 747 1378 798 Carthaginis
1413 759 1527 788 ever-

212 821 365 860 sionem
393 832 580 859 narrasse
618 820 784 859 videtur.
840 819 984 860 Pisone
1019 820 1153 872 paullo
1191 823 1324 860 aetate
1361 820 1527 863 inferior

211 893 375 944 scripsit
402 893 471 933 Cn.
500 891 651 931 Gellius
680 896 721 931 et
756 893 883 931 fusius
919 893 954 932 is
996 893 1177 945 quidem,
1218 904 1338 944 quam
1375 904 1526 938 omnes,

211 978 312 1016 quos
340 966 421 1005 iam
447 965 764 1012 nominavimus;
795 965 983 1005 laudatur
998 966 1104 1005 enim
1132 965 1233 1005 liber
1243 966 1527 1015 nonagesimus

210 1038 406 1091 septimus
443 1041 484 1077 et
517 1038 562 1077 in
596 1039 773 1078 secundo
814 1039 973 1078 demum
1017 1038 1066 1078 de
1104 1037 1264 1078 Sabinis
1304 1037 1526 1088 virginibus

207 1112 338 1164 raptis
367 1124 458 1151 eum
486 1111 617 1161 egisse
645 1112 873 1161 fragmenta
910 1112 1063 1152 docent.
1119 1110 1327 1163 Perpauca
1370 1124 1526 1165 quoque

204 1185 320 1226 nobis
361 1189 524 1225 servata
574 1188 668 1225 sunt
718 1184 946 1236 fragmenta
988 1198 1009 1226 e
1055 1186 1281 1240 Sempronii
1334 1185 1526 1226 Tuditani

204 1271 339 1310 opere,
394 1258 500 1310 quod
540 1259 777 1309 inscriptum
819 1262 905 1297 erat
942 1259 1300 1306 ,‚Commentarii,“
1357 1270 1527 1309 quorum

206 1329 411 1370 XIIImum
438 1330 585 1370 librum
612 1330 781 1369 laudant
800 1330 952 1369 Plinius
981 1331 1277 1382 (H.N.X111,3)
1306 1334 1347 1369 et
1373 1330 1526 1369 Gellius

212 1401 341 1453 (XIII,
372 1402 450 1454 15).
507 1401 623 1442 Hunc
650 1406 874 1442 memoratu
895 1403 1175 1452 dignissimum
1203 1415 1290 1443 esse
1308 1402 1525 1454 Dionysius

206 1487 278 1515 nos
298 1475 416 1515 docet
428 1476 474 1522 ¹),
502 1475 572 1526 qui
599 1487 690 1514 eum
717 1479 756 1515 et
770 1476 960 1516 Catonem
986 1477 1093 1516 inter
1109 1476 1362 1517 doctissimos
1390 1488 1526 1516 rerum

208 1548 480 1587 Romanarum
508 1548 723 1599 scriptores
754 1553 946 1589 numeret.
974 1548 1072 1588 Post
1083 1549 1337 1594 Tuditanum,
1366 1549 1526 1588 omissis

207 1622 249 1662 C.
282 1620 447 1669 Fannio,
475 1621 669 1667 Venonio‚
697 1621 741 1661 L.
769 1622 906 1670 Accio,
934 1623 983 1662 de
1012 1622 1154 1674 quibus
1182 1622 1281 1662 nihil
1307 1622 1526 1662 admodum

207 1694 310 1733 certi
339 1696 519 1739 constat,
560 1694 612 1733 ad
641 1693 817 1733 Coelium
843 1695 1106 1747 Antipatrum
1143 1695 1416 1747 pervenimus,
1457 1694 1525 1746 qui

205 1778 251 1806 eo
280 1769 406 1806 artem
419 1765 651 1805 historicam
678 1769 880 1818 provexit,
912 1769 1015 1819 quod
1043 1769 1260 1819 praecipue
1288 1780 1385 1807 suae
1397 1768 1525 1819 ipsius

209 1839 355 1879 aetatis
384 1850 447 1877 res
475 1842 612 1888 gestas
629 1839 888 1891 conscripsit3
919 1852 998 1891 qua
1024 1840 1067 1879 in
1094 1851 1137 1879 re
1164 1843 1325 1880 secutus
1356 1852 1445 1879 eum
1463 1843 1526 1880 est

210 1911 469 1963 Sempronius
496 1911 669 1959 Asellio,
714 1913 781 1963 qui
821 1916 984 1963 praetor
1021 1925 1125 1952 anno
1164 1910 1374 1952 LXXXIX
1415 1925 1450 1954 a.
1480 1913 1523 1954 C.

209 1984 444 2024 interfectus
472 1987 545 2023 est.
560 1984 593 2032 2)

313 2056 393 2096 Sed
421 2068 512 2095 cum
539 2057 684 2096 aetatis
703 2057 832 2107 gloria
853 2058 957 2097 oculi
978 2059 1106 2108 magis
1126 2059 1178 2098 ad
1195 2062 1379 2111 tempora
1406 2071 1523 2111 prae-

209 2130 341 2170 sentia
369 2133 711 2179 converterentur,
738 2131 823 2170 fieri
849 2144 929 2171 non
954 2132 1095 2183 potuit,
1124 2132 1218 2183 quin
1240 2131 1521 2172 celeberrimus

208 2203 376 2256 quisque
410 2215 475 2242 res
504 2215 528 2242 a
555 2216 598 2243 se
635 2204 723 2257 ipso
764 2207 899 2254 gestas
932 2204 1078 2244 litteris
1114 2205 1308 2246 mandare
1346 2208 1520 2257 cuperet.

209 2277 323 2324 Quod
350 2277 503 2329 primus
530 2278 688 2318 fecitM.
701 2278 896 2318 Aemilius
910 2278 1097 2326 Scaurus,
1127 2278 1266 2319 consul
1290 2280 1385 2319 anni
1405 2279 1522 2326 CXV,

287 2454 324 2495 1)
349 2454 388 2485 A.
414 2455 454 2486 n,
477 2456 503 2494 1,
530 2455 581 2488 11.

286 2515 322 2557 2)
349 2515 431 2547 Gen.
456 2519 497 2551 N.
522 2518 623 2559 A.11‚
647 2519 696 2552 13.
