1718 2859
724 103 1012 143 ...Ἱμ-

205 209 477 263 ρὴωιιαείαιῑι
524 211 682 260 vocant,
730 211 850 262 atque
886 198 952 256 res
990 218 1126 250 omnes
1163 205 1242 248 sibi
1289 202 1534 259 subiungere

216 270 338 334 quam
375 265 549 324 maxime
586 284 732 324 studet.
796 281 950 323 Debilis
987 285 1129 323 contra
1166 284 1288 334 atque
1323 279 1447 322 silens
1475 283 1537 323 est

215 356 358 397 sollers
385 356 456 397 illa
483 357 685 407 cogitatio,
715 357 827 398 cuius
854 355 976 396 visin
993 354 1232 404 definiendo,
1253 352 1535 403 describendo,

215 430 455 470 declarando
500 433 696 471 versatur.
724 451 777 458 -
806 429 886 469 Sed
912 428 979 468 fac
1004 428 1109 468 hano
1149 427 1273 467 animi
1300 427 1538 468 facultatem

215 502 298 542 iam
328 514 376 543 ca
406 505 551 551 aetate,
581 503 631 543 de
660 514 738 554 qua
763 503 904 541 nostra
932 503 993 540 est
1017 500 1252 552 disputatio,
1280 499 1417 553 aliquo
1450 512 1537 540 mo-

219 576 271 615 do
300 576 475 626 viguisse
502 598 554 605 —
580 575 744 625 linguae
770 574 908 626 inopia
930 573 967 614 ei
990 574 1049 614 ita
1076 572 1312 622 obstitisset,
1341 577 1386 613 ut
1411 573 1448 614 si
1476 573 1538 614 di-

218 660 313 689 cere
342 652 461 701 atque
496 649 698 701 imperare
734 646 942 695 voluisset,
979 646 1079 686 nihil
1115 646 1226 687 aliud
1261 647 1463 689 effecisset
1490 658 1540 705 ac

220 721 437 773 phantasia
463 721 547 766 illa,
589 725 750 762 carmen
789 720 890 769 dico,
929 721 1023 761 dum
1054 732 1103 760 ne
1130 720 1220 772 pari
1246 720 1366 761 modo
1394 733 1541 773 purum

217 795 261 834 id
288 794 490 835 fluxisset.
544 793 684 846 Itaque
722 794 879 838 omnia,
924 805 1025 845 quae
1061 793 1170 833 illius
1210 793 1356 833 aetatis
1397 784 1542 834 Graeci

222 870 263 907 et
290 867 526 918 cogitabant
553 870 593 907 et
630 866 919 919 percipiebant,
946 866 989 906 in
1017 866 1197 905 carmina
1236 866 1474 906 transducta
1499 866 1542 907 in

221 940 356 980 lucem
370 942 616 992 prodierunt.
645 940 707 979 Ea
725 941 859 990 igitur,
889 952 991 991 quae
1009 952 1052 978 re
1067 952 1163 979 vera
1176 926 1241 979 vel
1269 952 1293 978 a
1319 939 1541 980 maioribus

220 1012 286 1052 vel
316 1013 366 1053 ab
385 1014 485 1065 ipsis
514 1016 629 1063 gesta
658 1017 783 1061 erant,
808 1025 897 1053 cum
923 1012 1003 1053 illis
1032 1012 1271 1064 phantasiae
1298 1011 1542 1063 imaginibus

225 1087 531 1134 coniunxerunt,
561 1086 704 1137 quibus
733 1098 792 1134 ea,
822 1099 923 1138 quae
943 1087 1026 1126 sive
1055 1086 1104 1127 de
1132 1086 1252 1126 rebus
1282 1085 1429 1126 divinis
1458 1086 1543 1126 sive

200 1159 269 1201 ⁴de
297 1162 445 1198 natura
482 1158 654 1210 hominis
705 1159 1006 1208 cogitaverant,
1045 1158 1268 1210 exprimere
1316 1158 1545 1198 studebant.

222 1231 307 1279 Quo
336 1232 493 1272 factum
524 1236 608 1280 est,
636 1235 682 1271 ut
709 1231 837 1283 mythi
866 1230 985 1283 atque
1015 1231 1178 1283 fabulae
1207 1244 1297 1272 cum
1316 1243 1452 1271 rerum
1476 1228 1556 1282 ge?

221 1306 377 1344 starum
391 1305 587 1344 memoria
612 1305 655 1344 in
682 1317 803 1344 unum
818 1303 1089 1344 coalescerent
1114 1316 1270 1356 corpus,
1299 1305 1406 1356 quod
1423 1304 1547 1357 cycli-

223 1389 363 1418 corum
392 1379 615 1418 carminum
642 1379 802 1418 nomine
832 1376 1037 1429 appellare
1055 1377 1176 1418 -soliti
1211 1390 1361 1417 sumus.
1391 1377 1455 1417 Ex
1482 1377 1546 1417 his

220 1449 305 1490 iam
334 1454 504 1503 apparet
531 1451 697 1491 minime
726 1450 949 1490 audiendos
978 1461 1065 1504 esse
1102 1462 1181 1499 eos,
1211 1451 1279 1502 qui
1317 1451 1432 1503 epica
1460 1462 1550 1490 car·

224 1524 335 1563 mina
364 1536 388 1563 a
415 1524 502 1564 sola
528 1525 569 1564 vi
596 1524 754 1576 poetica
781 1524 963 1576 profecta
999 1523 1184 1575 omnique
1220 1523 1548 1565 historiae-veri-

224 1599 309 1636 tate
346 1597 541 1637 destituta
575 1597 823 1650 perhibeant.
862 1596 987 1637 Immo
1026 1597 1131 1637 inest
1167 1596 1320 1649 aliquid
1355 1597 1550 1638 historiae

222 1671 265 1710 in
301 1671 364 1710 his
397 1671 662 1719 carminibus,
701 1671 807 1723 quod
845 1670 1029 1723 quamvis
1058 1671 1294 1722 perdifficile
1321 1672 1375 1711 sit
1412 1684 1550 1713 eruere

225 1744 456 1793 negandum
484 1756 564 1784 non
592 1747 664 1784 est.
702 1743 782 1783 Sed
824 1756 913 1783 cum
950 1755 1014 1783 res
1043 1744 1203 1794 poetica
1235 1744 1278 1783 in
1306 1745 1356 1785 iis
1392 1757 1551 1797 semper

226 1817 400 1868 primum
426 1820 582 1857 teneret
609 1816 754 1864 locum,
793 1816 912 1856 facile
940 1816 1026 1856 fieri
1052 1816 1195 1868 potuit,
1235 1819 1280 1857 ut
1305 1819 1458 1870 posteri
1485 1831 1551 1859 res

222 1889 436 1930 historicas
462 1890 512 1929 iis
540 1890 713 1929 insertas
739 1889 978 1939 investigari
1002 1901 1121 1941 posse
1158 1890 1430 1942 desperarent.
1470 1892 1552 1931 No-

227 1964 413 2003 stratium
442 1967 575 2003 autem
603 1966 665 2003 est
701 1962 893 2003 historiae
935 1962 1178 2003 carminibus
1218 1964 1340 2016 epicis
1377 1965 1552 2005 insertae

228 2036 291 2076 ius
320 2047 436 2077 suum
463 2037 698 2076 reddidisse.

337 2110 446 2158 Quae
492 2113 626 2150 autem
666 2109 870 2162 hucusque
910 2110 959 2150 de
992 2109 1171 2151 Graecae
1199 2110 1390 2151 historiae
1426 2111 1553 2152 initiis

231 2183 540 2247 disputavimus,
595 2186 640 2223 ut
665 2184 746 2223 iam
783 2195 905 2236 supra
945 2183 1142 2233 diximus,
1209 2185 1349 2225 eodem
1389 2185 1475 2225 iure
1503 2186 1555 2226 ad

448 2350 574 2390 Sponte
600 2360 656 2381 sua
681 2360 808 2381 carmen
833 2359 981 2382 numeros
1003 2352 1151 2382 veniebat
1173 2353 1211 2383 ad
1235 2355 1327 2392 aptos

454 2411 508 2451 Et,
536 2411 620 2453 quod
644 2412 806 2444 tentabam
829 2412 948 2453 dicere,
973 2422 1086 2444 versus
1109 2416 1189 2444 erat.
