1718 2859
746 200 794 208 —
876 178 1052 242 41-j

254 288 341 323 tam
370 295 458 325 sero
487 282 678 324 historiae
714 282 1029 323 conscribendae
1066 279 1310 322 desiderium
1348 277 1453 334 intgr
1491 276 1569 316 Ro—

254 368 395 397 manos
433 357 675 397 exsisteret.>
713 350 858 404 Quinto
897 355 1003 394 enim
1045 354 1203 393 demum
1223 352 1285 392 :U.
1315 352 1357 392 G.
1395 348 1569 397 saeculo,

254 442 360 476 cum,
391 432 481 470 tota
506 429 625 470 Italia
652 429 924 469 Romanorum
951 428 1153 480 potestati·
1171 426 1372 473 subiecta,
1409 422 1571 476 imperii

252 504 431 542 omnium
453 503 652 552 gentium
690 501 963 543 constituendi
1004 499 1218 539 consilium
1259 501 1450 550 caperent
1488 496 1569 535 Ro·

253 577 381 624 mani„
407 576 507 615 artis
535 575 752 614 historicae
797 573 915 612 initia
942 573 983 611 in
1010 572 1142 612 lucem
1178 572 1426 623 prodierunt.
1482 570 1569 617 Qua

252 651 400 695 aetate,
427 651 477 699 ut·
500 647 645 686 Licinii
673 645 805 684 verbis
835 649 949 692 utar,
973 644 1006 694 ¹)
1037 644 1220 693 ...‚,Musa
1247 644 1413 695 pinnato
1442 642 1569 691 gradu

252 706 390 759 intulit
418 731 461 757 se
491 717 724 757 bellicosam
748 717 790 755 in
820 717 978 756 Romuli
1005 722 1163 766 gentem
1190 718 1358 756 feram-‘⁴

357 791 465 837 Quae
505 791 627 839 igitur
664 793 755 828 ante
799 789 904 828 bella
950 789 1102 828 Punica
1143 790 1386 829 exstiterunt
1430 798 1565 829 rer-um

250 867 455 914 gestarum
483 866 739 902 monumenta
755 861 891 901 multa
919 862 1080 914 quidem
1105 862 1229 901 fuisse
1256 861 1339 900 iam
1366 859 1567 900 intellexi-

250 949 351 976 mus,
390 936 526 987 Neque
560 939 695 977 tamen
732 935 829 974 haec
859 935 993 974 omnia
1021 935 1211 975 historiae
1242 935 1402 974 nomine
1429 933 1564 983 digna,

251 1010 324 1049 sed
362 1008 461 1048 nihil
507 1009 585 1047 nisi
623 1009 706 1047 eius
742 1008 872 1047 fontes
920 1012 1012 1047 sunt
1047 1008 1242 1048 habenda.
1299 1006 1568 1047 Continebant

252 1082 358 1121 enim
404 1093 523 1132 quam
565 1080 797 1123 brevissime
816 1080 850 1129 2)
893 1093 1025 1119 rerum
1079 1085 1118 1120 et
1153 1079 1476 1120 memorabilium
1527 1081 1567 1116 et

251 1152 400 1193 levium
417 1152 450 1199 ³)
488 1153 782 1205 quodammodo
824 1153 1068 1212 farraginem
1107 1167 1303 1194 annorum
1340 1153 1443 1193 serie
1473 1164 1567 1191 con-

252 1239 411 1266 nexam.
677 1212 679 1214 ’

342 1298 424 1338 >Ex
451 1298 512 1338 his
541 1298 675 1347 igitur,
705 1310 805 1350 quae
834 1299 1126 1339 nominavimus
1154 1299 1423 1339 monumentis
1453 1298 1567 1337 initia

252 1373 353 1411 art-is
382 1371 597 1411 historicae
627 1372 734 1423 apud
763 1371 964 1411 Romanos
993 1374 1238 1423 prodierunt.
1277 1372 1431 1412 Horum
1459 1371 1566 1411 enim

251 1444 457 1484 scribendi
486 1444 813 1484 consuetudinem
841 1444 987 1484 multos
1012 1449 1169 1485 secutos
1199 1457 1286 1486 csse
1302 1446 1438 1485 Cicero
1468 1444 1567 1483 dicit

251 1516 338 1557 loco
382 1529 504 1568 supra
538 1510 700 1556 laudato
746 1517 813 1565 (de
841 1522 937 1563 orat.
968 1516 1023 1564 Il,
1054 1517 1134 1569 12).
1162 1517 1213 1556 Et
1241 1530 1282 1556 re
1316 1529 1412 1556 vera
1436 1515 1558 1560 ,multi

254 1591 441 1639 fuerunt3
472 1601 497 1628 a
526 1589 700 1628 secundo
731 1590 836 1628 enim
863 1589 967 1629 bello
996 1590 1159 1638 Punico,
1188 1590 1257 1629 ubi
1283 1591 1404 1642 primi
1440 1588 1566 1628 histo-

252 1664 406 1702 riarum
434 1663 652 1714 scriptores
673 1664 926 1711 exstiteruut,
955 1676 1081 1715 usque
1102 1664 1154 1702 ad
1168 1664 1351 1703 Caesaris
1377 1665 1567 1708 aetatem,

252 1748 332 1786 qua
349 1735 477 1783 magis
493 1735 632 1774 florere
657 1736 789 1786 coepit
802 1748 897 1774 vera
922 1750 986 1774 ars
1005 1737 1207 1783 historica,
1237 1737 1418 1775 sexcenti
1447 1736 1567 1774 rebus

251 1807 474 1847 scribendis
502 1819 664 1859 operam
692 1808 897 1848 dederunt.
957 1808 1042 1855 Qua
1070 1820 1120 1847 ex
1149 1821 1192 1848 re
1230 1812 1399 1860 apparet
1440 1820 1560 1859 quan-

254 1885 395 1933 topere
433 1880 540 1932 apud
576 1880 776 1920 Romanos
822 1881 991 1930 viguerit
1018 1881 1209 1921 historiae
1240 1869 1445 1929 studium,
1503 1881 1569 1921 cui

253 1954 526 1995 nobilissimus
557 1954 728 2005 quisque
756 1957 913 2006 tempus
942 1957 981 1993 et
1007 1966 1172 2007 operam
1200 1955 1367 2006 dcclit⁴).

337 2112 372 2151 1)
397 2109 481 2150 Geli.
505 2110 604 2148 XVII,
628 2109 681 2143 21.
706 2128 745 2133 —

335 2171 373 2211 2)
399 2171 465 2202 Cic.
491 2170 528 2202 dc
550 2171 613 2212 leg.
639 2172 665 2210 Ι,
690 2176 710 2204 2
732 2173 861 2204 annales
883 2176 970 2214 pont.
995 2183 1077 2205 max.
1102 2174 1216 2214 quibus
1246 2173 1327 2204 nihil
1359 2175 1464 2214 potest
1494 2182 1566 2204 esse

250 2234 388 2266 ieiunius
413 2233 471 2273 (iis
494 2234 576 2264 enim
600 2236 767 2271 assentior.
793 2236 845 2276 qui
867 2245 926 2275 pro
951 2234 1116 2266 iucundius
1139 2234 1249 2274 legunt
1272 2235 1439 2275 ieiunius).

336 2297 372 2336 3)
397 2296 437 2327 cf.
463 2306 492 2326 r.
516 2297 587 2327 Cat.
613 2296 697 2336 apud
721 2297 805 2329 Gell.
840 2298 882 2333 11,
909 2298 969 2330 28:
1002 2299 1076 2329 Non
1107 2298 1196 2329 lubet
1229 2299 1393 2335 scribere,
1426 2298 1506 2338 quod
1535 2298 1567 2328 in

252 2356 361 2390 tabula
385 2358 469 2400 apud
490 2361 578 2399 pont.
602 2368 686 2390 max.
710 2362 770 2399 est,
794 2361 939 2400 quotiens
962 2370 1087 2393 annona
1111 2370 1195 2402 caru,
1219 2361 1365 2402 quotiens
1386 2360 1485 2393 lunae·
1513 2363 1567 2392 aut

251 2420 329 2453 solis
350 2421 468 2453 lumine
491 2421 593 2463 caligo
616 2425 669 2453 aut
692 2422 765 2464 quid
787 2423 959 2455 obstiterit.

335 2483 373 2525 4)
399 2484 438 2516 cf.
465 2486 598 2517 Sueton.
622 2484 660 2516 dc
684 2484 760 2518 clar.
786 2487 905 2519 rhetor.
932 2497 981 2528 cp.
1006 2487 1036 2519 3.
