1718 2859
726 127 1043 169 -32-

221 247 333 275 mum
361 236 522 287 quidem
562 247 664 288 quae
700 236 752 275 ad
790 248 878 276 eam
923 236 1173 289 probandam
1210 235 1451 277 Niebuhrius
1479 234 1547 277 de-

221 312 458 348 monstrare<
476 308 633 357 studet,
671 309 853 349 florujsse
882 312 923 349 et
949 308 1109 350 fabulas
1137 309 1189 349 de
1214 308 1357 348 Troiae
1386 310 1544 349 excidio

225 386 264 421 et
292 381 394 421 alias
423 394 504 421 non
534 394 558 421 a
586 381 753 421 Graecis
772 382 834 421 'ad
861 382 1066 423 Romanos
1092 382 1322 434 perductas,
1351 383 1421 421 sed
1439 383 1547 434 apud

224 455 296 494 hos
323 455 437 507 ipsos
464 458 698 507 procreatas
727 454 877 507 optime
904 454 1044 496 reiecit
1070 454 1302 507 Ulricius1).
1347 454 1458 494 Idem
1484 455 1545 494 lo-

225 528 282 567 cis
312 540 363 567 ex
390 527 599 580 Dionysio,
629 528 831 576 Cicerone,
859 528 990 568 Nonio
1019 528 1242 580 desumptis
1269 528 1433 567 minime
1451 528 1545 567 Nie-

225 600 359 640 buhrii
395 601 639 640 sententiam
673 600 902 640 confirmari
931 604 972 640 et
999 605 1112 641 recta
1149 600 1329 640 adhibita
1365 600 1546 653 explica-

224 674 333 713 tione
360 677 401 714 et
429 666 567 714 addito
597 674 676 713 alio
702 674 907 714 Ciceronis
935 674 1068 724 10002)
1099 674 1404 713 demonstravit.
1434 674 1545 721 Quae

225 758 318 786 vero
346 758 438 800 pag.
471 748 546 787 102
575 759 661 801 sqq.
694 747 743 787 ab
773 747 923 787 Ulricio
960 746 1202 793 afferuntur,
1240 746 1383 800 quibus
1416 747 1545 800 expli·
1614 792 1617 793 ⁷

225 824 337 861 cetur
363 822 470 861 unde
496 813 561 861 res
588 823 694 861 inter
730 834 773 860 se
813 825 1085 872 repugnantes
1110 825 1154 861 —et
1181 819 1343 860 fabulae
1371 821 1413 861 in
1440 821 1545 873 pris-

226 905 315 933 cam
341 893 617 933 Romanorum
644 893 857 933 historiam
879 893 1086 941 fluxerint,
1117 894 1300 946 quamvis
1329 907 1409 933 non
1438 893 1547 934 omni

225 971 392 1007 careant
418 970 645 1016 momento,
687 967 823 1018 aliqua
852 979 902 1006 ex
937 970 1054 1018 parte
1089 968 1369 1016 restringenda
1406 968 1545 1006 viden-

225 1044 302 1080 t-ur.
358 1040 536 1080 Nimium
563 1040 669 1080 enim
709 1040 773 1080 vir
808 1040 1067 1080 doctissimus
1104 1040 1246 1080 tribuit
1272 1040 1459 1086 incendio
1488 1039 1548 1080 illi

224 1114 376 1153 Romae
404 1125 476 1165 per
505 1113 643 1152 Gallos
670 1113 803 1160 facto,
846 1125 923 1164 quo
951 1113 1112 1164 perdita
1139 1114 1220 1152 sint
1251 1115 1415 1165 scripta,
1446 1126 1548 1164 quae

227 1187 335 1239 apud
362 1186 566 1227 Romanos
594 1184 812 1225 exstabant
838 1189 1113 1226 monumenta.
1160 1185 1410 1240 Quamquam
1440 1187 1547 1227 enim

226 1261 363 1300 Livius
391 1259 473 1311 (VI,
504 1259 543 1310 1)
573 1259 673 1298 dicit
701 1271 748 1297 ea
783 1259 979 1309 pleraque
1014 1259 1237 1306 interiisse,
1273 1263 1409 1299 tamen
1445 1260 1549 1299 hanc

226 1345 367 1372 vocem
395 1332 639 1385 ,‚pleraque“
667 1342 749 1370 non
777 1331 999 1381 urgendam
1030 1342 1117 1371 esse
1134 1330 1212 1371 alio
1230 1332 1408 1371 eiusdem
1424 1332 1550 1385 scrip-

225 1407 325 1445 toris
345 1406 434 1445 loco
466 1405 766 1455 cognoscimus,
808 1404 877 1455 qui
905 1403 1002 1444 urbe
1028 1405 1183 1444 refecta
1206 1406 1400 1453 „foedera
1427 1409 1467 1444 et
1491 1405 1548 1444 le-

226 1482 325 1529 ges“
360 1479 386 1518 i.
417 1491 450 1518 e.
488 1480 748 1517 monumenta
789 1475 952 1528 publica
992 1477 1218 1528 conquisita
1261 1489 1348 1517 esse
1386 1481 1550 1524 conten-

226 1553 300 1591 dat
317 1550 363 1603 ³).
420 1551 592 1591 Accedit
621 1550 728 1601 quod
757 1553 850 1588 ante
880 1550 1097 1588 adventum
1126 1549 1334 1589 Gallorum
1361 1550 1550 1601 permulti

228 1625 339 1664 cives
370 1626 411 1664 et
438 1623 686 1669 sacerdotes,
716 1633 807 1661 cum
834 1621 953 1661 Veios
982 1624 1022 1660 et
1049 1621 1174 1661 Caere
1196 1622 1402 1672 fugerent,
1432 1634 1550 1662 sacra

226 1709 363 1737 secum
399 1697 442 1736 in
476 1695 550 1735 has
591 1694 711 1734 urbes
749 1693 1069 1746 portaverant⁴).
1122 1693 1168 1734 In
1205 1695 1402 1747 Capitolio
1441 1707 1550 1741 vero,

224 1771 332 1823 quod
360 1783 385 1810 a
412 1768 540 1809 Gallis
570 1771 732 1820 captum
759 1780 841 1807 non
880 1770 958 1816 est,
1014 1767 1143 1807 multa
1181 1772 1447 1808 monumenta
1473 1781 1548 1821 pu-

225 1844 333 1884 blica
372 1846 443 1882 aut
483 1845 645 1882 servata
674 1844 745 1880 aut
772 1853 818 1880 eo
848 1841 1062 1891 deportata
1090 1852 1179 1880 esse
1207 1844 1248 1880 et
1274 1854 1346 1893 per
1373 1854 1417 1881 se
1444 1842 1548 1881 veri·

228 1916 359 1956 simile
388 1919 449 1955 est
478 1919 518 1954 et
543 1913 750 1953 Plutarchi
778 1913 1008 1952 testimonio
1035 1914 1220 1952 firmatur
1232 1913 1285 1962 5)..
1329 1940 1331 1942 >

333 1987 484 2036 Quibus
527 1985 710 2026 omnibus
750 1987 992 2035 argumenta
1032 1984 1081 2024 ab
1110 1984 1261 2024 Uiricio
1291 1985 1418 2024 allata
1442 1998 1547 2036 pau-

309 2176 344 2214 1)
368 2173 630 2205 Charakteristik
652 2172 710 2204 der
732 2173 862 2203 antiken
884 2171 1170 2213 Historiographie
1195 2182 1228 2213 p.
1252 2171 1391 2206 90-96.

306 2237 346 2276 2)
371 2236 473 2270 Thuc.
499 2237 528 2268 1.
548 2236 582 2268 2.
607 2244 699 2276 quem
721 2233 826 2266 locum
849 2233 1050 2266 Niebuhrius
1073 2234 1237 2266 omiserat.

307 2300 344 2339 3)
366 2298 439 2330 Liv.
464 2298 522 2338 VI,
549 2300 578 2330 1.

308 2361 345 2400 4)
367 2360 440 2391 Liv.
464 2360 499 2396 V,
525 2359 578 2392 40.

306 2422 348 2463 5)
371 2421 438 2454 Vit.
463 2420 645 2486 Camilli·p.
671 2420 713 2453 20
728 2423 760 2452 et
784 2420 838 2453 21.
