1718 2859
700 167 751 178 ...
833 147 884 185 6ss
967 165 1018 176 .-..

348 219 363 237 ,
1525 223 1527 225 .

206 245 366 290 Graeca
393 248 646 301 exemplaria
672 251 821 290 iterum
848 251 1074 302 iterumque
1091 251 1405 305 commendaret*
1433 266 1527 296 suo-

190 333 298 361 -rum
322 321 486 371 ingenia
513 325 634 374 atque
663 323 768 362 vires
796 335 923 374 quam
958 322 1134 362 maxime
1172 322 1408 364 exercebat:
1455 325 1529 367 >„Ci-

205 387 381 444 ceronis,
406 394 479 448 :qui
505 395 690 447 quamvis
718 395 876 448 ipsein
902 394 1074 457 hispria
1100 394 1313 437 scribenda
1339 409 1421 437 non
1443 384 1531 442 esla-

205 466 434 514 boraverit,
489 471 626 507 tamen
667 469 800 508 inesse
840 467 993 519 aliquid
1028 469 1073 509 in
1109 468 1274 508 Graecis
1315 468 1531 517 historicis,

208 539 893 595 quod*Romanisvsit-imitandum
920 540 1029 581 bene·
1061 540 1275 582 intellexit
1291 544 1409 593 atque
1435 553 1530 581 sex·

207 615 359 654 centies
386 604 675 665 pronuntiavit.
706 615 782 661 Qui
808 613 870 653 vir
898 625 1023 664 aeque
1051 614 1099 653 de
1129 614 1281 654 civibus
1311 626 1359 653 ac
1387 614 1436 653 de
1458 612 1531 655 ,lit-

207 686 305 727 teris
332 686 500 726 meritus
527 698 624 726 >suos
653 686 860 727 adhortari
886 698 1090 737 nunquam
1120 687 1261 734 desiit,
1299 687 1530 727 ut.deserto

207 758 318 799 sicco
345 758 555 806 annalium
591 770 702 799 more
742 758 848 799 tales
885 770 1123 810 componere
1163 759 1371 800 studerent
1405 757 1532 799 histo-

206 833 308 881 rias,
336 832 476 885 quales
503 832 712 886 Herodoti,
740 832 1007 883 Thucydidis,
1042 831 1201 884 Polybii
1228 836 1397 873 essents
1430 833 1533 873 Con-

211 904 304 946 silia
332 909 466 945 autem
492 905 586 954 illa,
625 918 729 958 quae
758 904 995 957 aequalibus
1028 905 1277 958 proponebat
1303 919 1385 946 non
1412 906 1549 948 modo.

208 991 291 1018 non
316 979 471 1019 frustra
500 979 634 1026 dedit,
659 980 735 1018 ,sed
763 979 849 1030 ipse
879 991 1019 1019 eorum
1046 979 1200 1019 fructus
1228 980 1432 1031 percipere
1460 991 1532 1030 po-

209 1052 290 1092 tuit
316 1051 360 1091 in
387 1051 574 1092 Caesaris
604 1041 865 1104 Sallustiique
895 1051 1092 1104 operibus.
1123 1052 1259 1103 Neque
1286 1052 1412 1092 multo
1439 1055 1532 1105 post

191 1125 355 1178 ‚tertius
378 1124 543 1164 exstitit
570 1136 703 1164 rerum
722 1123 995 1166 Romanarum
1023 1125 1210 1175 scriptor,
1239 1136 1386 1174 magna
1413 1124 1532 1163 laude

212 1197 372 1248 dignus,
400 1197 539 1238 Livius
567 1196 801 1237 Patavinus.

319 1271 401 1312 Sed
428 1271 666 1323 priusquam
701 1269 796 1310 huic
833 1271 1159 1310 commentationi
1202 1271 1319 1309 finem
1352 1271 1534 1322 impona-

211 1356 300 1384 mus
329 1333 449 1392 viam,
480 1356 601 1396 quam
628 1343 834 1395 hucusque
864 1333 1121 1392 confecimus,
1150 1344 1425 1396 respiciamus.

319 1416 507 1457 Profecta
536 1421 597 1456 est
623 1417 747 1467 igitur
787 1416 1035 1456 Graecorum
1073 1429 1140 1456 ars
1175 1417 1369 1457 historica
1392 1429 1416 1456 a
1444 1428 1534 1456 car-

213 1490 389 1531 minibus
419 1491 569 1544 epicis,
612 1490 756 1542 quibus
783 1495 855 1542 pro
884 1490 1035 1540 ingenii
1062 1490 1195 1530 indole
1224 1489 1273 1530 ab
1303 1490 1536 1542 antiquissi-
1572 1498 1576 1502 ⁴

212 1565 291 1604 mis
321 1563 570 1617 temporibus
600 1576 697 1613 gens
724 1563 796 1602 illa
823 1563 1002 1602 indulsit.
1045 1563 1425 1613 Rerumgestarum
1452 1575 1535 1602 me-

213 1638 346 1677 moria
373 1638 443 1677 diu
471 1636 718 1677 carminibus
755 1640 917 1676 servata
946 1639 985 1676 et
1011 1641 1239 1688 propagata
1272 1637 1380 1676 haud
1408 1635 1536 1676 multo

216 1713 311 1751 ante
351 1710 458 1751 bella
496 1723 587 1750 cum
629 1709 815 1750 barbaris
851 1713 965 1760 gesta
1007 1722 1127 1762 prosa
1168 1712 1349 1751 oratione
1390 1710 1570 1750 litteriS‘

215 1783 403 1823 mandari
432 1786 576 1834 coepta
605 1786 677 1822 est.
708 1783 809 1822 Nam
827 1786 871 1821 ut
898 1784 1059 1834 poetica
1085 1783 1258 1822 facultas
1288 1788 1407 1835 atque
1435 1782 1539 1835 epici

218 1857 409 1897 carminis
438 1856 567 1896 virtus
595 1856 778 1904 evanuit,
820 1856 880 1896 ita
905 1868 1040 1896 rerum
1076 1856 1208 1897 soluta
1236 1858 1415 1897 oratione
1444 1868 1539 1896 con-

222 1930 528 1970 scribendarum
556 1930 734 1969 studium
761 1930 938 1968 maxime
967 1930 1145 1969 excitata
1174 1934 1243 1970 est.
1303 1931 1411 1977 Quae
1440 1930 1539 1968 artis

220 2002 438 2043 historicae
469 2002 711 2055 primordia,
753 2001 838 2040 sive
865 2004 992 2041 artem
1022 2003 1226 2051 criticam,
1263 2004 1346 2043 sive
1377 2015 1539 2055 compo-

220 2077 431 2123 sitionem,
475 2076 559 2115 sive
588 2075 807 2115 dictionem
844 2075 1102 2126 respicimus,
1135 2077 1356 2115 admodum
1384 2076 1541 2129 infirma

223 2152 264 2190 et
289 2148 456 2189 humilia
484 2152 612 2189 erant.
657 2147 1013 2200 Logographorum
1041 2150 1169 2197 enim,
1199 2150 1267 2201 qui
1296 2150 1416 2202 primi
1443 2148 1542 2188 haec

220 2222 339 2261 initia
379 2222 667 2269 condiderunt,
709 2221 947 2274 primarium
990 2223 1201 2262 consilium
1241 2226 1349 2270 erat,
1396 2208 1541 2268 omnia,

223 2307 486 2348 quaecunque
514 2296 564 2336 de
592 2298 793 2336 terrarum
835 2295 916 2335 situ
940 2299 979 2336 et
1016 2299 1183 2344 natura,
1219 2296 1267 2335 de
1303 2295 1543 2348 populorum

222 2368 434 2417 institutis,
465 2368 587 2417 cultu,
616 2369 809 2417 moribus,
837 2369 1058 2420 originibus
1088 2369 1285 2422 rebusque
1302 2370 1427 2420 gestis
1444 2379 1543 2420 qua-
