1718 2859
698 145 750 155 .-.
833 124 882 164 12
965 147 1014 155 -.

298 226 462 267 Iam‘ex
490 227 567 268 hac
595 228 791 281 temporis
832 229 1104 281 descriptione
1138 229 1351 282 apparebit
1389 232 1515 284 scrip·

176 302 298 343 tores
326 299 434 348 illos,
462 300 513 339 de
542 300 687 352 quibus
717 301 939 353 disputatio
969 301 1058 349 erit,
1087 315 1167 341 non
1193 302 1307 342 inter·
1327 316 1370 343 se
1398 316 1515 356 pror-

188 383 258 412 sus
286 371 440 412 similes
472 376 560 419 aut,
588 373 632 413 id
671 374 778 426 quod
807 374 993 413 nonnulli
1022 370 1259 423 voluerunt]
1286 376 1518 416 simillimos

188 444 326 484 fuisse.
356 445 462 484 Nam
491 457 583 485 cum
612 447 722 498 apud
750 449 890 497 gentes
918 447 1038 486 tardo
1067 447 1200 487 animo
1215 448 1420 500 praeditas
1438 456 1514 489 na-

188 507 385 571 turaeque
413 509 631 571 iniquitate
660 520 900 573 impeditas,
929 521 999 561 vix
1030 520 1236 561 saeculum
1263 521 1427 574 aliquod
1454 523 1517 563 in-

187 592 317 632 veniri
342 592 487 645 possit,
517 593 624 645 quod
654 593 744 633 sine
771 593 855 633 ulla
882 595 936 634 sit
962 594 1005 634 in
1021 592 1228 634 meliorem
1255 598 1415 648 partem
1428 608 1517 636 mu-

187 666 359 706 tatione:
390 666 594 718 quomodo
622 668 734 719 apud
762 666 955 715 Graecos,
982 666 1163 706 homines
1191 668 1516 719 praeclarissima

186 738 324 779 indole
352 724 520 779 ornatos
558 740 815 791 secundaque
842 740 1007 791 fortuna
1044 738 1189 787 clama,
1228 740 1314 780 fieri
1341 740 1417 781 hoc
1443 755 1516 794 po-

186 813 310 852 tuerit
337 813 458 864 plane
485 813 735 861 ignoramus.
789 813 905 859 Quod
933 812 1130 863 impedire
1157 824 1230 851 nos
1259 826 1341 852 non
1367 817 1516 865 potest,

187 885 284 938 quin
310 884 384 926 hos
412 884 634 937 scriptores
665 896 806 925 omnes
842 884 964 925 simul
991 883 1266 925 examinemus
1296 889 1338 926 et
1363 886 1516 927 doctis-

186 958 381 998 simorum
412 958 591 998 virorum
622 944 909 998 auctoritatem
945 957 1101 1005 secuti,
1147 969 1226 997 uno
1252 959 1415 999 nomine
1443 972 1530 1000 eos-

186 1031 591 1084 comprehendamus.
650 1033 755 1072 Nam
783 1032 839 1080 id,
869 1033 976 1084 quod
1005 1030 1122 1070 nobis
1150 1033 1443 1083 proposuimus,
1476 1037 1515 1073 et

184 1117 331 1154 manca
359 1104 470 1144 illius
510 1105 660 1144 aetatis
701 1104 879 1154 cognitio
894 1135 908 1151 ,
966 1116 991 1142 a
1018 1104 1336 1153 fragmentorum
1374 1106 1517 1158 inopia

185 1178 384 1229 profecta,
415 1177 539 1217 aliam
567 1178 731 1227 ingredi
758 1177 866 1216 viam
896 1176 1014 1216 nobis
1045 1188 1125 1215 non
1152 1178 1405 1227 permittunt.

289 1250 517 1290 Historicos
548 1253 711 1298 autem,
769 1249 819 1289 de
862 1249 1006 1301 quibus
1044 1261 1149 1288 nunc
1185 1252 1247 1288 est
1286 1251 1512 1298 dicendum,

184 1322 418 1375 Thucydide
448 1325 616 1363 auctore
642 1322 674 1368 ¹)
711 1321 796 1361 fere
837 1334 975 1362 omnes
1014 1325 1055 1361 et
1095 1321 1275 1362 historici
1304 1327 1346 1363 et
1383 1325 1519 1364 critici
1573 1344 1577 1347 ·

184 1396 510 1450 ,‚logographos“
542 1396 819 1449 appellarunt.
873 1394 1153 1435 Dahlmannus
1195 1397 1356 1448 quidem
1372 1396 1405 1444 ²)
1433 1397 1510 1438 hoc

182 1470 345 1510 nomine
373 1482 519 1523 parum
547 1470 694 1510 idoneo
724 1467 986 1508 historiarum
1016 1469 1235 1520 scriptores
1265 1483 1415 1518 omnes,
1445 1471 1513 1522 qui

182 1542 436 1584 Herodotum
478 1543 743 1595 praecedant,
782 1541 1071 1593 comprehendi
1102 1542 1212 1582 dicit.
1269 1543 1349 1583 Suo
1378 1546 1513 1583 autem

183 1616 271 1657 iure
297 1616 360 1656 vir
388 1615 654 1656 doctissimus
681 1614 784 1654 haec
820 1614 1059 1662 contendat,
1095 1614 1130 1655 si
1160 1614 1220 1655 illi
1248 1614 1512 1668 appellationi

185 1693 226 1730 et
263 1690 511 1742 vituperatio
549 1689 753 1740 quaedam
795 1687 1036 1727 subiiciatur
1076 1692 1115 1728 et
1145 1701 1225 1728 una
1253 1702 1343 1728 cum
1370 1690 1512 1729 eodem

186 1763 348 1802 nomine
401 1763 510 1802 idem
559 1760 754 1803 ¹omnibus
811 1760 1069 1800 adtribuatur
1124 1761 1343 1811 ingenium.
1400 1761 1512 1809 Quod

183 1837 399 1886 utrumque
427 1834 543 1874 nobis
570 1847 652 1873 non
672 1837 735 1873 est
762 1834 805 1872 in
834 1835 981 1873 animo.
1010 1835 1110 1874 Cum
1120 1833 1264 1873 'autem
1292 1834 1352 1873 illi
1378 1847 1514 1873 rerum

184 1907 409 1960 scriptores
446 1907 530 1947 iam
569 1907 662 1946 inde
701 1918 726 1945 a
766 1906 1012 1958 Thucydidis
1053 1910 1191 1947 aetate.
1224 1907 1514 1959 „logographi“

184 1980 385 2034 appellari
414 1980 524 2021 soliti
553 1980 647 2027 sint,
676 1979 797 2019 nobis
828 1992 986 2032 quoque
1013 1979 1089 2019 hoc
1117 1981 1277 2019 nomine
1308 1980 1366 2019 uti
1382 1980 1514 2028 liceat,

187 2055 334 2108 quippe
364 2055 473 2107 quod
503 2067 585 2094 non
611 2054 753 2106 inepte
781 2053 835 2092 sit
862 2054 1014 2093 fictum.
1073 2053 1177 2093 Nam
1205 2066 1341 2093 eorum
1368 2057 1517 2093 natura

184 2128 483 2180 quodammodo
511 2127 589 2167 hac
616 2126 918 2176 significatione
958 2126 1168 2174 definitur,
1192 2155 1196 2158 ,
1224 2127 1414 2178 quoniam
1442 2125 1514 2165 λό-

182 2197 280 2254 γοῠς
306 2201 331 2241 i.
362 2211 395 2240 e.
425 2199 683 2241 narrationes
713 2199 889 2239 traditas
929 2198 1203 2252 scripserunt,
1243 2212 1344 2252 quae
1375 2212 1520 2251 neque,

270 2368 308 2409 1)
333 2368 375 2399 cf.
399 2367 498 2400 rime.
523 2367 549 2408 1,
571 2366 627 2400 21.

266 2430 305 2473 2)
328 2429 499 2464 Herodot:
524 2428 593 2462 Aus
617 2429 736 2461 seinem
760 2428 870 2461 Buclie
894 2429 962 2461 sein
988 2428 1096 2462 chen
1120 2438 1155 2471 p.
1179 2428 1252 2463 109.
