1718 2859
698 166 1013 226 ÷44-

201 293 321 335 quem
350 282 393 321 P.
422 280 595 322 Rutilius
623 281 766 329 Rufus,
793 283 835 322 C.
866 282 1054 322 Lutatius
1083 263 1522 370 0811111181,11110111ἃ

199 354 278 402 lus,
305 354 346 395 L.
378 354 495 395 Corn.
525 353 653 394 Sulla
665 354 792 395 secuti
821 359 924 395 sunt
1366 375 1369 377 -
1424 372 1427 374 ·
1455 377 1458 380 1

304 427 404 467 Alii
416 430 553 466 tamen
574 427 682 466 illius
707 428 853 466 aetatis
880 428 957 467 viri
962 427 1521 481 maiores‘historiaepartes

199 503 448 547 tractarunt3
503 498 609 539 iiiter
637 503 736 552 quos
766 499 957 540 Claudius
987 486 1290 552 Quadrigarius·
1303 500 1438 541 XXIII
1456 502 1524 543 2'li-

197 574 283 615 bris
310 574 404 614 inde
435 571 629 613 a'Gallico
658 572 768 613 urbis
783 573 970 625 incendio
986 585 1111 626 usque
1138 573 1336 614 adSullae
1364 577 1522 627 tempus

197 660 263 688 res
291 650 427 697 gestas
446 646 654 693 narravit,
684 646 804 697 idque
833 658 878 685 eo
908 647 1131 698 copiosius,
1172 658 1248 698 quo
1277 647 1451 699 propius.
1471 648 1524 687 ad

197 732 314 761 suam
341 703 525 766 aetatem,
544 718 737 766 accessit3
765 718 968 770 prioribus
1005 719 1111 758 enim
1147 718 1223 758 ΧΠ
1261 719 1377 759 libris
1401 720 1515 760 'CCC

196 776 416 840 annorum,
473 790 639 842 reliquis
677 790 735 830 XI
772 791 885 830 libris
924 791 1002 830 XX
1039 795 1195 831 tantum
1232 799 1427 831 annorum
1456 804 1520 831 res

197 869 336 917 gestas
366 862 467 905 eum*
486 864 744 914 consignasse
772 864 1000 914 fragmenta
1025 864 1181 904 docent.
1216 857 1359 905 Totam
1375 864 1521 918 Roma-

195 951 343 978 norum
370 938 583 976 historiam
609 936 820 987 amplexus
846 941 906 976 est
921 936 1105 975 Valerius
1116 936 1272 984 Antias,
1302 939 1342 976 et
1356 937 1520 989 copiose

197 1011 372 1064 quidem,
405 1009 553 1061 quippe
583 1002 696 1049 cuius
724 1008 873 1048 LXXV
899 1009 992 1049 libri
1019 1009 1243 1050 laudentur.
1281 1010 1344 1049 Ex
1371 1023 1517 1060 magno

196 1096 335 1125 eorum
362 1094 552 1128 numero,
578 1082 646 1132 qui
674 1081 879 1120 Valerium
918 1086 1182 1133 exceperunt,
1236 1083 1335 1121 (11108
1364 1085 1521 1122 tantum

193 1156 473 1201 nominamus,
512 1152 555 1192 L.
596 1154 711 1193 Corn.
751 1153 962 1193 Sisennam
1002 1158 1041 1193 et
1079 1154 1122 1193 L.
1152 1153 1290 1205 Pomp.
1327 1154 1519 1201 Atticum,

194 1240 362 1281 quorum
390 1226 458 1266 ille
487 1225 640 1266 bellum
670 1226 872 1265 sociorum
905 1230 943 1265 et
972 1225 1119 1265 bellum
1150 1227 1265 1266 civile
1308 1226 1518 1266 Sullanum

194 1301 309 1341 libris
337 1298 472 1348 XXIII
499 1299 674 1350 scripsit,
702 1298 766 1338 hic
784 1300 815 1347 ¹)
854 1312 957 1346 „uno
995 1298 1194 1338 volumine
1221 1299 1354 1349 leges,
1383 1311 1518 1352 paces,

194 1373 322 1421 bella,
370 1382 508 1412 omnes
559 1371 731 1423 denique
757 1383 821 1411 res
857 1371 1034 1412 illustres
1069 1372 1207 1423 populi
1244 1373 1413 1412 Romani
1446 1385 1517 1412 suo

197 1459 376 1499 quasque
404 1449 585 1496 tempore
623 1444 832 1492 notavit,“
872 1444 962 1484 aliis
990 1446 1116 1496 iisque
1157 1435 1340 1497 pluribus
1378 1446 1518 1485 eodem

195 1521 316 1560 modo
346 1516 597 1568 singularum
625 1516 871 1556 familiarum
900 1517 1110 1557 historiam
1140 1531 1164 1557 a
1196 1514 1327 1570 'primo
1363 1520 1515 1569 origine

195 1604 328 1645 usque.
353 1592 405 1631 ad
433 1603 549 1630 suam
579 1576 755 1630 aetatem
783 1594 1022 1643 prosecutus
1052 1594 1124 1632 est,

303 1667 390 1713 Qua
417 1677 467 1704 ex
495 1665 630 1703 ieiuna
660 1664 821 1715 quidem
850 1665 1162 1712 enumeratione,
1193 1665 1256 1704 cui
1274 1669 1408 1705 tamen
1423 1678 1515 1716 per-

194 1739 312 1780 multi
358 1749 492 1778 rerum
535 1737 755 1788 scriptores
791 1737 931 1776 inserti
967 1749 1048 1776 non
1091 1741 1205 1786 sunt,
1253 1738 1514 1788 intelligimus

193 1813 295 1852 artis
321 1810 538 1870 historicae
580 1808 758 1848 studium
786 1809 936 1849 Romae
974 1822 1094 1861 quam
1127 1811 1303 1850 maxime
1339 1811 1516 1861 viguisse

191 1897 320 1938 neque
349 1883 423 1923 ulli
456 1883 627 1934 tempori
669 1882 886 1933 scriptores
924 1883 1111 1923 defuisse.
1169 1884 1345 1931 Quorum
1379 1887 1515 1924 tamen

191 1958 389 1998 librorum
417 1957 564 2005 exigua
591 1958 752 1994 exstant
782 1956 1033 2004 fragmenta,
1090 1961 1185 2006 qua*
1205 1970 1261 1996 ex
1296 1962 1338 1995 re
1372 1956 1516 1995 c'o‘niici

194 2031 302 2078 licet,
334 2041 401 2069 eos
431 2029 593 2068 serioris
623 2025 771 2067 aetatis
801 2027 988 2079 operibus
1017 2021 1270 2080 posthabitos
1306 2027 1405 2067 esse.
1460 2028 1515 2068 Ut

193 2107 330 2145 autem
375 2101 668 2152 intelligamus,
726 2112 827 2152 quae
873 2100 1015 2141 horum
1059 2102 1301 2154 scriptorum
1348 2101 1514 2152 ingenia

189 2178 351 2223 fuerint,
382 2171 583 2227 quemque
608 2175 707 2214 artis
736 2173 953 2214 historicae
980 2174 1113 2214 locum
1157 2170 1415 2223 obtinuerint,
1445 2189 1516 2215 ac·

191 2249 371 2290 curatius
398 2248 685 2298 investigemus
716 2259 878 2288 necesse
907 2248 1007 2296 erit,
1048 2260 1127 2299 qua
1157 2248 1233 2289 fide
1262 2249 1373 2299 digni
1410 2261 1508 2300 qua-

191 2337 266 2376 que
295 2326 382 2363 arte
411 2325 450 2361 et
477 2320 701 2361 elocutione
730 2321 793 2360 usi
823 2321 914 2360 sint.

274 2500 312 2541 1)
337 2499 379 2531 cf.
403 2500 501 2531 Corn.
526 2498 655 2540 Nepos:
679 2499 806 2532 Atticus
829 2508 881 2541 cp.
906 2499 958 2532 18.
