1718 2859
744 92 1056 131 *9-

343 194 418 235 Per
444 196 571 237 multa
598 196 760 238 saecula
799 198 968 238 historia
1002 196 1151 237 fabulis
1196 195 1425 248 mythisque
1454 208 1551 248 quo—

239 269 455 310 dammodo
506 270 649 310 obruta
685 271 727 310 in
761 275 899 311 vatum
936 270 1143 321 (ἀοιδῶν)
1180 282 1249 310 ore
1286 269 1413 308 fuisse
1448 269 1554 307 inter

238 354 376 382 omnes
405 346 573 383 constat.
630 342 775 383 Graeci
817 346 953 382 autem
993 342 1055 382 his
1097 342 1367 391 carminibus,
1405 340 1552 394 quibus

241 415 408 456 deorum
444 421 565 469 atque
591 417 790 456 maiorum
826 429 988 455 suorum
1026 415 1156 465 gloria
1183 415 1476 463 celebrabatur,
1504 427 1551 454 eo

237 488 428 528 libentius
468 501 586 529 aures
627 489 898 541 praebebant,
954 500 1034 540 quo
1072 488 1201 538 magis
1239 488 1384 539 cupido
1419 499 1553 526 rerum

237 562 465 613 priscarum
495 562 864 612 cognoscendarum
894 561 1032 600 crevit.
1086 561 1166 601 Sed
1203 572 1294 600 cum
1322 559 1554 612 respublica

236 635 368 684 magis
405 635 614 685 magisque
660 634 930 673 effloresceret
967 637 1088 684 atque
1131 633 1316 672 doctrina
1357 634 1553 673 maiorem

214 719 257 746 ve
285 707 425 756 lingua
450 706 691 745 facilitatem
717 709 907 753 sumeret,
937 706 1087 744 sensim
1112 709 1270 744 mutata
1297 710 1359 744 est
1373 705 1437 744 hic
1456 706 1552 745 sim-

236 778 332 831 plex
360 779 577 818 memoriae
605 779 827 818 tradendae
854 790 952 817 mos.
980 777 1043 817 Ex
1055 789 1204 817 oceano
1232 777 1314 825 illo,
1343 778 1411 829 qui
1427 790 1553 830 aquas

238 852 414 903 undique
443 851 634 891 collectas
663 855 759 891 tunc
790 852 1007 898 continuit,
1042 850 1220 900 singulos
1247 851 1353 891 rivos
1382 847 1553 891 rivulos-

238 937 316 976 que
359 924 601 964 derivabant
639 929 679 964 et
715 925 896 977 quamvis
932 924 1046 963 illum
1083 927 1240 975 patrem
1277 928 1318 963 et
1346 928 1553 964 auctorem

235 997 412 1036 omnium
439 1009 598 1048 semper
625 996 829 1045 colerent,
868 997 929 1035 his
974 1008 1128 1048 quoque
1167 1009 1284 1035 suum
1321 997 1552 1037 tribuebant

238 1069 444 1109 honorem.
473 1069 760 1119 Intelligebant
788 1071 893 1109 enim
923 1082 1012 1109 cum
1040 1081 1104 1108 res
1131 1073 1318 1120 artesque
1345 1082 1483 1109 omnes
1511 1071 1554 1109 in

237 1142 352 1194 poesi
381 1142 498 1194 epiea
533 1142 773 1182 indiscretas
809 1143 1010 1190 iacerent,
1054 1153 1153 1193 opus
1192 1154 1301 1189 esse,
1340 1146 1385 1182 ut
1412 1143 1553 1194 poesin

221 1215 285 1272 ,ab
322 1215 413 1254 aliis
443 1216 671 1267 disciplinis
700 1217 955 1265 seiungerent
982 1219 1022 1254 et
1050 1227 1166 1254 suum
1194 1216 1337 1267 cuique
1361 1217 1553 1266 adsigna-

234 1292 325 1328 rent
355 1288 502 1328 locum.
532 1289 734 1336 Quantum
762 1289 814 1327 ad
843 1288 1076 1336 historiam,
1107 1300 1156 1327 ex
1183 1288 1258 1328 hac
1286 1289 1436 1339 ingenii
1463 1302 1551 1328 mu-

233 1357 385 1402 tatione
413 1362 455 1401 id
483 1362 696 1414 processit,
723 1365 768 1402 ut
795 1361 976 1401 nonnulli
1002 1365 1147 1414 poetae
1175 1363 1322 1402 omisso
1345 1364 1427 1402 fere
1443 1363 1551 1402 omni

233 1438 378 1474 ornatu
415 1435 574 1486 poetico
614 1435 734 1474 iebus
782 1436 907 1485 gestis
955 1436 1145 1475 canendis
1186 1448 1350 1488 operam
1395 1436 1550 1475 darent.

232 1509 338 1556 Quos
366 1512 407 1548 et
434 1509 592 1560 antiqui
621 1512 662 1548 et
688 1509 939 1548 recentiores
968 1508 1212 1560 cyclicorum
1240 1512 1450 1561 poetarum
1479 1521 1550 1547 no·

231 1582 338 1622 mine
367 1581 703 1633 comprehendere
732 1581 876 1640 solent.
907 1582 1159 1622 Tractabaut
1178 1585 1315 1622 autem
1340 1581 1378 1621 hi
1406 1585 1550 1634 poetae

232 1640 390 1696 omnem
434 1654 661 1693 fabularum
703 1658 742 1694 et
778 1654 1037 1694 historiarum
1082 1655 1218 1694 orbem
1245 1656 1387 1694 eodem
1415 1656 1550 1698 modo,

230 1740 308 1780 quo
339 1730 379 1767 et
406 1738 431 1766 a
456 1727 659 1779 prioribus
703 1728 830 1779 poetis
874 1740 964 1767 eum
992 1731 1233 1780 acceperant
1260 1731 1300 1767 et
1328 1726 1438 1778 vulgi
1465 1740 1550 1767 me-

229 1802 360 1841 moria
387 1805 650 1853 perceperant
663 1802 707 1851 ¹).
764 1800 938 1840 Evanuit
981 1801 1130 1840 sensim
1167 1802 1225 1840 vis
1261 1800 1334 1840 illa
1372 1801 1547 1853 poetica,

229 1962 306 1993 bant
329 1960 407 2002 (τὴν
431 1961 498 2005 ’γὰρ
520 1960 632 1999 οἶειὸἷγι
655 1962 787 1996 μᾶλλον
809 1954 1017 1992 ἕπικλειόυσι
1041 1956 1309 2004 ἆνῦραπςι,ἦ’τις
1328 1959 1547 1991 &animem

229 2022 378 2063 νεωτάτη
403 2022 661 2062 ἀμφιπέληται,
687 2020 746 2053 Od.
771 2021 797 2053 Ῑ.
820 2021 882 2054 351
906 2022 946 2054 cf.
971 2022 1065 2052 etiam
1090 2021 1162 2062 3⁴25,
1185 2020 1258 2061 339,
1285 2020 1450 2057 VHL472
1461 2021 1547 2062 sqq.)

230 2086 325 2116 Vates
350 2088 453 2115 aulem
476 2086 658 2116 excitantur
681 2094 697 2115 a
721 2084 824 2115 Musis
847 2084 924 2121 (Od.
951 2085 1038 2124 vlu,
1062 2084 1134 2124 73),
1160 2094 1291 2125 quarum
1316 2085 1484 2123 proprium
1498 2086 1548 2114 c=t

230 2148 335 2178 onmia
359 2149 508 2178 accumle
531 2147 636 2179 scire:
661 2144 732 2180 ἴστε
756 2160 791 2179 τε
808 2145 941 2183 πάντα,
977 2147 1070 2188 ἡμεῖς
1096 2147 1128 2178 δὲ
1155 2145 1253 2185 κλέος
1285 2142 1353 2178 οἷον
1378 2143 1544 2185 ἀκούομεν

231 2209 307 2244 cibe
333 2226 365 2243 τι
382 2207 474 2251 ἴδμεν
503 2209 556 2248 (Il.
584 2211 627 2246 Π,
654 2209 745 2250 481).

316 2273 350 2313 1)
377 2275 477 2312 Quam
500 2273 541 2305 ob
564 2282 631 2304 rem
656 2274 717 2304 iam
741 2274 780 2304 ab
803 2272 942 2313 antiquis
974 2272 1177 2313 appellantur
1210 2271 1345 2309 ποιηταὶ
1378 2269 1548 2315 ἱστορικοί

229 2334 279 2366 vel
305 2332 334 2368 οἱ
357 2335 396 2368 τὰ
424 2333 558 2380 Κύπρια
583 2334 866 2381 συγγράψαντες,
893 2336 1032 2376 scriptor
1055 2334 1193 2377 cyclicus
1219 2335 1365 2377 (llor.A.
1385 2334 1452 2374 P.).
1479 2336 1545 2366 Lo-

230 2407 285 2429 cus
306 2397 482 2439 palmarius
505 2401 608 2430 autem
633 2398 671 2430 dc
693 2398 885 2440 cyclicornm
920 2398 1114 2430 carminibus
1149 2401 1195 2430 cst
1232 2398 1360 2430 Procli:
1392 2397 1484 2440 λέγει
1510 2398 1544 2429 δἐι
