<?xml version="1.0" encoding="UTF-8"?>
<!DOCTYPE html PUBLIC "-//W3C//DTD XHTML 1.0 Transitional//EN"
    "http://www.w3.org/TR/xhtml1/DTD/xhtml1-transitional.dtd">
<html xmlns="http://www.w3.org/1999/xhtml" xml:lang="en" lang="en">
 <head>
  <title>
</title>
<meta http-equiv="Content-Type" content="text/html;charset=utf-8" />
  <meta name='ocr-system' content='tesseract 3.04.00' />
  <meta name='ocr-capabilities' content='ocr_page ocr_carea ocr_par ocr_line ocrx_word'/>
</head>
<body>
  <div class='ocr_page' id='page_1' title='image "4737175_0048.png"; bbox 0 0 1718 2859; ppageno 0'>
   <div class='ocr_carea' id='block_1_1' title="bbox 734 155 1045 195">
    <p class='ocr_par' dir='ltr' id='par_1_1' title="bbox 734 155 1045 195">
     <span class='ocr_line' id='line_1_1' title="bbox 734 155 1045 195; baseline -0.003 -8"><span class='ocrx_word' id='word_1_1' title='bbox 734 180 783 187; x_wconf 84' lang='lat'>...</span> <span class='ocrx_word' id='word_1_2' title='bbox 865 155 917 195; x_wconf 79' lang='lat'>40</span> <span class='ocrx_word' id='word_1_3' title='bbox 1000 179 1045 186; x_wconf 86' lang='lat'>.-</span> 
     </span>
    </p>
   </div>
   <div class='ocr_carea' id='block_1_2' title="bbox 210 252 1557 2064">
    <p class='ocr_par' dir='ltr' id='par_1_2' title="bbox 232 252 1557 1185">
     <span class='ocr_line' id='line_1_2' title="bbox 236 252 1556 315; baseline -0.001 -13"><span class='ocrx_word' id='word_1_4' title='bbox 236 261 414 302; x_wconf 85' lang='lat' dir='ltr'>vivalia“</span> <span class='ocrx_word' id='word_1_5' title='bbox 442 261 765 315; x_wconf 81' lang='lat' dir='ltr'>appellabantur.</span> <span class='ocrx_word' id='word_1_6' title='bbox 807 262 867 302; x_wconf 91' lang='lat' dir='ltr'>De</span> <span class='ocrx_word' id='word_1_7' title='bbox 894 262 956 301; x_wconf 87' lang='lat' dir='ltr'>his</span> <span class='ocrx_word' id='word_1_8' title='bbox 985 252 1121 302; x_wconf 75' lang='lat' dir='ltr'>Cicero</span> <span class='ocrx_word' id='word_1_9' title='bbox 1136 260 1186 310; x_wconf 83' lang='lat'>¹):</span> <span class='ocrx_word' id='word_1_10' title='bbox 1216 262 1375 313; x_wconf 83' lang='lat' dir='ltr'>„Atque</span> <span class='ocrx_word' id='word_1_11' title='bbox 1403 264 1556 302; x_wconf 84' lang='lat' dir='ltr'>utinam</span> 
     </span>
     <span class='ocr_line' id='line_1_3' title="bbox 237 333 1556 387; baseline -0.001 -12"><span class='ocrx_word' id='word_1_12' title='bbox 237 354 288 365; x_wconf 92' lang='lat'>—-</span> <span class='ocrx_word' id='word_1_13' title='bbox 320 336 436 375; x_wconf 89' lang='lat' dir='ltr'>ait—</span> <span class='ocrx_word' id='word_1_14' title='bbox 464 338 674 375; x_wconf 81' lang='lat' dir='ltr'>exstarent</span> <span class='ocrx_word' id='word_1_15' title='bbox 706 334 778 375; x_wconf 88' lang='lat' dir='ltr'>illa</span> <span class='ocrx_word' id='word_1_16' title='bbox 817 336 1020 383; x_wconf 83' lang='lat' dir='ltr'>carmina,</span> <span class='ocrx_word' id='word_1_17' title='bbox 1075 345 1177 387; x_wconf 88' lang='lat' dir='ltr'>quae</span> <span class='ocrx_word' id='word_1_18' title='bbox 1210 333 1348 374; x_wconf 85' lang='lat' dir='ltr'>multis</span> <span class='ocrx_word' id='word_1_19' title='bbox 1383 334 1556 374; x_wconf 82' lang='lat' dir='ltr'>saeculis</span> 
     </span>
     <span class='ocr_line' id='line_1_4' title="bbox 236 407 1556 460; baseline 0 -13"><span class='ocrx_word' id='word_1_20' title='bbox 236 410 331 447; x_wconf 87' lang='lat' dir='ltr'>ante</span> <span class='ocrx_word' id='word_1_21' title='bbox 360 418 478 448; x_wconf 84' lang='lat' dir='ltr'>suam</span> <span class='ocrx_word' id='word_1_22' title='bbox 506 411 682 449; x_wconf 86' lang='lat' dir='ltr'>aetatem</span> <span class='ocrx_word' id='word_1_23' title='bbox 709 409 753 447; x_wconf 91' lang='lat' dir='ltr'>in</span> <span class='ocrx_word' id='word_1_24' title='bbox 782 407 909 460; x_wconf 88' lang='lat' dir='ltr'>epulis</span> <span class='ocrx_word' id='word_1_25' title='bbox 952 408 1149 448; x_wconf 84' lang='lat' dir='ltr'>cantitata</span> <span class='ocrx_word' id='word_1_26' title='bbox 1173 419 1196 447; x_wconf 88' lang='lat' dir='ltr'>a</span> <span class='ocrx_word' id='word_1_27' title='bbox 1224 407 1391 457; x_wconf 86' lang='lat' dir='ltr'>singulis</span> <span class='ocrx_word' id='word_1_28' title='bbox 1421 409 1556 448; x_wconf 81' lang='lat' dir='ltr'>convi-</span> 
     </span>
     <span class='ocr_line' id='line_1_5' title="bbox 234 480 1556 532; baseline -0.002 -11"><span class='ocrx_word' id='word_1_29' title='bbox 234 481 296 520; x_wconf 80' lang='lat' dir='ltr'>vis</span> <span class='ocrx_word' id='word_1_30' title='bbox 326 481 376 521; x_wconf 84' lang='lat' dir='ltr'>de</span> <span class='ocrx_word' id='word_1_31' title='bbox 406 480 611 521; x_wconf 84' lang='lat' dir='ltr'>clarorum</span> <span class='ocrx_word' id='word_1_32' title='bbox 638 481 816 521; x_wconf 90' lang='lat' dir='ltr'>virorum</span> <span class='ocrx_word' id='word_1_33' title='bbox 852 481 1063 528; x_wconf 75' lang='lat' dir='ltr'>laudibus,</span> <span class='ocrx_word' id='word_1_34' title='bbox 1099 482 1142 520; x_wconf 89' lang='lat' dir='ltr'>in</span> <span class='ocrx_word' id='word_1_35' title='bbox 1171 480 1400 530; x_wconf 86' lang='lat' dir='ltr'>Originibus</span> <span class='ocrx_word' id='word_1_36' title='bbox 1429 482 1556 532; x_wconf 84' lang='lat' dir='ltr'>scrip-</span> 
     </span>
     <span class='ocr_line' id='line_1_6' title="bbox 234 552 1557 605; baseline -0.001 -12"><span class='ocrx_word' id='word_1_37' title='bbox 234 555 322 594; x_wconf 85' lang='lat' dir='ltr'>tum</span> <span class='ocrx_word' id='word_1_38' title='bbox 349 552 514 605; x_wconf 87' lang='lat' dir='ltr'>reliquit</span> <span class='ocrx_word' id='word_1_39' title='bbox 543 554 695 595; x_wconf 87' lang='lat' dir='ltr'>Cato!“</span> <span class='ocrx_word' id='word_1_40' title='bbox 750 553 859 594; x_wconf 84' lang='lat' dir='ltr'><strong>Idem</strong></span> <span class='ocrx_word' id='word_1_41' title='bbox 887 554 928 593; x_wconf 86' lang='lat' dir='ltr'>in</span> <span class='ocrx_word' id='word_1_42' title='bbox 957 555 1074 594; x_wconf 63' lang='lat' dir='ltr'>&#39;sus-e.</span> <span class='ocrx_word' id='word_1_43' title='bbox 1104 557 1254 605; x_wconf 81' lang='lat' dir='ltr'>quaest.</span> <span class='ocrx_word' id='word_1_44' title='bbox 1285 552 1311 593; x_wconf 93' lang='lat' dir='ltr'>l.</span> <span class='ocrx_word' id='word_1_45' title='bbox 1342 552 1407 599; x_wconf 90' lang='lat' dir='ltr'>IV,</span> <span class='ocrx_word' id='word_1_46' title='bbox 1434 554 1460 593; x_wconf 80' lang='lat'><em>2</em></span> <span class='ocrx_word' id='word_1_47' title='bbox 1489 554 1557 605; x_wconf 88' lang='lat' dir='ltr'>qui</span> 
     </span>
     <span class='ocr_line' id='line_1_7' title="bbox 237 625 1555 679; baseline -0.002 -13"><span class='ocrx_word' id='word_1_48' title='bbox 237 626 411 666; x_wconf 83' lang='lat' dir='ltr'>canendi</span> <span class='ocrx_word' id='word_1_49' title='bbox 437 627 480 666; x_wconf 88' lang='lat' dir='ltr'>in</span> <span class='ocrx_word' id='word_1_50' title='bbox 508 627 635 679; x_wconf 89' lang='lat' dir='ltr'>epulis</span> <span class='ocrx_word' id='word_1_51' title='bbox 652 627 928 666; x_wconf 86' lang='lat' dir='ltr'>fueritmodus</span> <span class='ocrx_word' id='word_1_52' title='bbox 956 627 1018 666; x_wconf 89' lang='lat' dir='ltr'>his</span> <span class='ocrx_word' id='word_1_53' title='bbox 1049 627 1224 679; x_wconf 80' lang='lat' dir='ltr'>explicat</span> <span class='ocrx_word' id='word_1_54' title='bbox 1241 626 1399 665; x_wconf 77' lang='lat' dir='ltr'>verbis:</span> <span class='ocrx_word' id='word_1_55' title='bbox 1427 625 1555 673; x_wconf 85' lang='lat' dir='ltr'>„Gra—</span> 
     </span>
     <span class='ocr_line' id='line_1_8' title="bbox 232 698 1556 750; baseline 0 -13"><span class='ocrx_word' id='word_1_56' title='bbox 232 698 423 738; x_wconf 86' lang='lat' dir='ltr'>vissimus</span> <span class='ocrx_word' id='word_1_57' title='bbox 452 702 595 739; x_wconf 83' lang='lat' dir='ltr'>auctor</span> <span class='ocrx_word' id='word_1_58' title='bbox 625 702 667 738; x_wconf 90' lang='lat' dir='ltr'>in</span> <span class='ocrx_word' id='word_1_59' title='bbox 697 699 928 748; x_wconf 85' lang='lat' dir='ltr'>Originibus</span> <span class='ocrx_word' id='word_1_60' title='bbox 968 700 1072 739; x_wconf 81' lang='lat' dir='ltr'>dixi-t</span> <span class='ocrx_word' id='word_1_61' title='bbox 1101 700 1219 746; x_wconf 75' lang='lat' dir='ltr'>Cato,</span> <span class='ocrx_word' id='word_1_62' title='bbox 1257 711 1409 738; x_wconf 87' lang='lat' dir='ltr'>morem</span> <span class='ocrx_word' id='word_1_63' title='bbox 1449 699 1556 750; x_wconf 84' lang='lat' dir='ltr'>apud</span> 
     </span>
     <span class='ocr_line' id='line_1_9' title="bbox 232 770 1556 824; baseline 0.001 -15"><span class='ocrx_word' id='word_1_64' title='bbox 232 771 407 812; x_wconf 84' lang='lat' dir='ltr'>maiores</span> <span class='ocrx_word' id='word_1_65' title='bbox 437 770 543 811; x_wconf 83' lang='lat' dir='ltr'>huno</span> <span class='ocrx_word' id='word_1_66' title='bbox 571 771 782 824; x_wconf 85' lang='lat' dir='ltr'>epularum</span> <span class='ocrx_word' id='word_1_67' title='bbox 807 772 950 819; x_wconf 85' lang='lat' dir='ltr'>fuisse,</span> <span class='ocrx_word' id='word_1_68' title='bbox 981 775 1027 811; x_wconf 90' lang='lat' dir='ltr'>ut</span> <span class='ocrx_word' id='word_1_69' title='bbox 1055 772 1257 823; x_wconf 83' lang='lat' dir='ltr'>deinceps,</span> <span class='ocrx_word' id='word_1_70' title='bbox 1287 772 1366 822; x_wconf 89' lang='lat' dir='ltr'>qui·</span> <span class='ocrx_word' id='word_1_71' title='bbox 1385 770 1556 810; x_wconf 80' lang='lat' dir='ltr'>occuba-</span> 
     </span>
     <span class='ocr_line' id='line_1_10' title="bbox 232 843 1556 895; baseline -0.002 -11"><span class='ocrx_word' id='word_1_72' title='bbox 232 847 337 893; x_wconf 78' lang='lat' dir='ltr'>rent,</span> <span class='ocrx_word' id='word_1_73' title='bbox 368 848 559 885; x_wconf 86' lang='lat' dir='ltr'>canerent</span> <span class='ocrx_word' id='word_1_74' title='bbox 587 845 639 885; x_wconf 89' lang='lat' dir='ltr'>ad</span> <span class='ocrx_word' id='word_1_75' title='bbox 667 844 809 885; x_wconf 89' lang='lat' dir='ltr'>tibiam</span> <span class='ocrx_word' id='word_1_76' title='bbox 837 844 1035 884; x_wconf 81' lang='lat' dir='ltr'>clarorum</span> <span class='ocrx_word' id='word_1_77' title='bbox 1057 845 1235 884; x_wconf 84' lang='lat' dir='ltr'>virorum</span> <span class='ocrx_word' id='word_1_78' title='bbox 1262 843 1403 883; x_wconf 83' lang='lat' dir='ltr'>laudes</span> <span class='ocrx_word' id='word_1_79' title='bbox 1435 847 1556 895; x_wconf 85' lang='lat' dir='ltr'>atque</span> 
     </span>
     <span class='ocr_line' id='line_1_11' title="bbox 232 917 1556 970; baseline 0 -14"><span class='ocrx_word' id='word_1_80' title='bbox 232 917 429 965; x_wconf 81' lang='lat' dir='ltr'>virtutes,</span> <span class='ocrx_word' id='word_1_81' title='bbox 468 930 518 958; x_wconf 82' lang='lat' dir='ltr'>ex</span> <span class='ocrx_word' id='word_1_82' title='bbox 558 930 635 970; x_wconf 92' lang='lat' dir='ltr'>quo</span> <span class='ocrx_word' id='word_1_83' title='bbox 670 918 928 970; x_wconf 83' lang='lat' dir='ltr'>perspicuum</span> <span class='ocrx_word' id='word_1_84' title='bbox 969 921 1030 957; x_wconf 88' lang='lat' dir='ltr'>est</span> <span class='ocrx_word' id='word_1_85' title='bbox 1070 921 1110 957; x_wconf 86' lang='lat' dir='ltr'>et</span> <span class='ocrx_word' id='word_1_86' title='bbox 1148 921 1289 957; x_wconf 81' lang='lat' dir='ltr'>cantus</span> <span class='ocrx_word' id='word_1_87' title='bbox 1318 920 1403 956; x_wconf 92' lang='lat' dir='ltr'>tum</span> <span class='ocrx_word' id='word_1_88' title='bbox 1430 917 1556 956; x_wconf 84' lang='lat' dir='ltr'>fuisse</span> 
     </span>
     <span class='ocr_line' id='line_1_12' title="bbox 233 991 1556 1043; baseline -0.001 -13"><span class='ocrx_word' id='word_1_89' title='bbox 233 991 454 1043; x_wconf 84' lang='lat' dir='ltr'>rescriptos</span> <span class='ocrx_word' id='word_1_90' title='bbox 482 1003 628 1031; x_wconf 83' lang='lat' dir='ltr'>vocum</span> <span class='ocrx_word' id='word_1_91' title='bbox 659 992 769 1030; x_wconf 87' lang='lat' dir='ltr'>sonis</span> <span class='ocrx_word' id='word_1_92' title='bbox 799 996 838 1031; x_wconf 87' lang='lat' dir='ltr'>et</span> <span class='ocrx_word' id='word_1_93' title='bbox 867 992 1059 1031; x_wconf 77' lang='lat' dir='ltr'>carmina.</span> <span class='ocrx_word' id='word_1_94' title='bbox 1120 992 1370 1043; x_wconf 77' lang='lat' dir='ltr'>Quamquam</span> <span class='ocrx_word' id='word_1_95' title='bbox 1397 991 1438 1030; x_wconf 84' lang='lat' dir='ltr'>id</span> <span class='ocrx_word' id='word_1_96' title='bbox 1469 991 1556 1043; x_wconf 84' lang='lat' dir='ltr'>qui-</span> 
     </span>
     <span class='ocr_line' id='line_1_13' title="bbox 233 1063 1555 1111; baseline 0 -9"><span class='ocrx_word' id='word_1_97' title='bbox 233 1063 327 1102; x_wconf 81' lang='lat' dir='ltr'>dem</span> <span class='ocrx_word' id='word_1_98' title='bbox 355 1064 478 1103; x_wconf 87' lang='lat' dir='ltr'>etiam</span> <span class='ocrx_word' id='word_1_99' title='bbox 505 1063 582 1103; x_wconf 89' lang='lat' dir='ltr'>XII</span> <span class='ocrx_word' id='word_1_100' title='bbox 610 1063 773 1103; x_wconf 84' lang='lat' dir='ltr'>tabulae</span> <span class='ocrx_word' id='word_1_101' title='bbox 802 1064 1030 1111; x_wconf 84' lang='lat' dir='ltr'>declarant,</span> <span class='ocrx_word' id='word_1_102' title='bbox 1073 1065 1191 1102; x_wconf 81' lang='lat' dir='ltr'>condi</span> <span class='ocrx_word' id='word_1_103' title='bbox 1228 1065 1308 1102; x_wconf 83' lang='lat' dir='ltr'>iam</span> <span class='ocrx_word' id='word_1_104' title='bbox 1346 1069 1430 1103; x_wconf 89' lang='lat' dir='ltr'>tum</span> <span class='ocrx_word' id='word_1_105' title='bbox 1460 1063 1555 1102; x_wconf 85' lang='lat' dir='ltr'>soli-</span> 
     </span>
     <span class='ocr_line' id='line_1_14' title="bbox 233 1135 725 1185; baseline 0.002 -10"><span class='ocrx_word' id='word_1_106' title='bbox 233 1137 317 1175; x_wconf 85' lang='lat' dir='ltr'>tum</span> <span class='ocrx_word' id='word_1_107' title='bbox 348 1146 437 1176; x_wconf 84' lang='lat' dir='ltr'>esse</span> <span class='ocrx_word' id='word_1_108' title='bbox 466 1139 669 1176; x_wconf 81' lang='lat' dir='ltr'>oa1·men.“</span> <span class='ocrx_word' id='word_1_109' title='bbox 690 1135 725 1185; x_wconf 78' lang='lat'>²)</span> 
     </span>
    </p>

    <p class='ocr_par' dir='ltr' id='par_1_3' title="bbox 210 1209 1554 2064">
     <span class='ocr_line' id='line_1_15' title="bbox 341 1209 1553 1261; baseline -0.001 -12"><span class='ocrx_word' id='word_1_110' title='bbox 341 1209 451 1255; x_wconf 88' lang='lat' dir='ltr'>Quae</span> <span class='ocrx_word' id='word_1_111' title='bbox 479 1211 661 1249; x_wconf 85' lang='lat' dir='ltr'>carmina</span> <span class='ocrx_word' id='word_1_112' title='bbox 690 1210 811 1248; x_wconf 88' lang='lat' dir='ltr'>alium</span> <span class='ocrx_word' id='word_1_113' title='bbox 841 1212 954 1249; x_wconf 86' lang='lat' dir='ltr'>nobis</span> <span class='ocrx_word' id='word_1_114' title='bbox 985 1212 1201 1250; x_wconf 81' lang='lat' dir='ltr'>ostendunt</span> <span class='ocrx_word' id='word_1_115' title='bbox 1220 1212 1382 1258; x_wconf 85' lang='lat' dir='ltr'>fontem,</span> <span class='ocrx_word' id='word_1_116' title='bbox 1412 1222 1461 1249; x_wconf 83' lang='lat' dir='ltr'>ex</span> <span class='ocrx_word' id='word_1_117' title='bbox 1477 1222 1553 1261; x_wconf 85' lang='lat' dir='ltr'>quo</span> 
     </span>
     <span class='ocr_line' id='line_1_16' title="bbox 231 1274 1553 1324; baseline 0.002 -4"><span class='ocrx_word' id='word_1_118' title='bbox 231 1280 450 1323; x_wconf 85' lang='lat' dir='ltr'>nonnullae</span> <span class='ocrx_word' id='word_1_119' title='bbox 479 1282 522 1322; x_wconf 92' lang='lat' dir='ltr'>in</span> <span class='ocrx_word' id='word_1_120' title='bbox 550 1274 724 1323; x_wconf 51' lang='lat' dir='ltr'>ueterem</span> <span class='ocrx_word' id='word_1_121' title='bbox 749 1282 1022 1323; x_wconf 85' lang='lat' dir='ltr'>Romanorum</span> <span class='ocrx_word' id='word_1_122' title='bbox 1050 1283 1260 1324; x_wconf 81' lang='lat' dir='ltr'>historiam</span> <span class='ocrx_word' id='word_1_123' title='bbox 1289 1284 1477 1324; x_wconf 82' lang='lat' dir='ltr'>fluxerint</span> <span class='ocrx_word' id='word_1_124' title='bbox 1491 1284 1553 1323; x_wconf 83' lang='lat' dir='ltr'>fa-</span> 
     </span>
     <span class='ocr_line' id='line_1_17' title="bbox 229 1353 1554 1416; baseline 0.002 -23"><span class='ocrx_word' id='word_1_125' title='bbox 229 1353 361 1394; x_wconf 86' lang='lat' dir='ltr'>bulae.</span> <span class='ocrx_word' id='word_1_126' title='bbox 421 1355 546 1402; x_wconf 84' lang='lat' dir='ltr'>Quem</span> <span class='ocrx_word' id='word_1_127' title='bbox 576 1356 729 1395; x_wconf 88' lang='lat' dir='ltr'>fontem</span> <span class='ocrx_word' id='word_1_128' title='bbox 757 1357 792 1395; x_wconf 88' lang='lat' dir='ltr'>si</span> <span class='ocrx_word' id='word_1_129' title='bbox 819 1357 891 1402; x_wconf 86' lang='lat' dir='ltr'>iis,</span> <span class='ocrx_word' id='word_1_130' title='bbox 929 1357 978 1396; x_wconf 87' lang='lat' dir='ltr'>de</span> <span class='ocrx_word' id='word_1_131' title='bbox 1008 1357 1150 1416; x_wconf 74' lang='lat' dir='ltr'>quibus</span> <span class='ocrx_word' id='word_1_132' title='bbox 1180 1370 1303 1409; x_wconf 87' lang='lat' dir='ltr'>supra</span> <span class='ocrx_word' id='word_1_133' title='bbox 1330 1358 1554 1408; x_wconf 79' lang='lat' dir='ltr'>disputavi-</span> 
     </span>
     <span class='ocr_line' id='line_1_18' title="bbox 229 1428 1554 1481; baseline 0.002 -14"><span class='ocrx_word' id='word_1_134' title='bbox 229 1439 332 1475; x_wconf 83' lang='lat' dir='ltr'>mus,</span> <span class='ocrx_word' id='word_1_135' title='bbox 362 1428 674 1469; x_wconf 86' lang='lat' dir='ltr'>adnumeramus</span> <span class='ocrx_word' id='word_1_136' title='bbox 717 1433 837 1481; x_wconf 88' lang='lat' dir='ltr'>atque</span> <span class='ocrx_word' id='word_1_137' title='bbox 876 1430 967 1469; x_wconf 84' lang='lat' dir='ltr'>huie</span> <span class='ocrx_word' id='word_1_138' title='bbox 1004 1442 1184 1470; x_wconf 86' lang='lat' dir='ltr'>summae</span> <span class='ocrx_word' id='word_1_139' title='bbox 1214 1431 1425 1470; x_wconf 79' lang='lat' dir='ltr'>adiieimus</span> <span class='ocrx_word' id='word_1_140' title='bbox 1454 1443 1554 1469; x_wconf 90' lang='lat' dir='ltr'>non-</span> 
     </span>
     <span class='ocr_line' id='line_1_19' title="bbox 228 1499 1553 1555; baseline 0.003 -17"><span class='ocrx_word' id='word_1_141' title='bbox 228 1499 342 1539; x_wconf 87' lang='lat' dir='ltr'>nulla</span> <span class='ocrx_word' id='word_1_142' title='bbox 372 1513 530 1553; x_wconf 89' lang='lat' dir='ltr'>quoque</span> <span class='ocrx_word' id='word_1_143' title='bbox 560 1515 610 1541; x_wconf 88' lang='lat' dir='ltr'>ex</span> <span class='ocrx_word' id='word_1_144' title='bbox 643 1502 889 1542; x_wconf 85' lang='lat' dir='ltr'>Graecorum</span> <span class='ocrx_word' id='word_1_145' title='bbox 927 1503 1076 1555; x_wconf 79' lang='lat' dir='ltr'>mythis</span> <span class='ocrx_word' id='word_1_146' title='bbox 1106 1503 1553 1555; x_wconf 80' lang='lat' dir='ltr'>atquenarrationibus</span> 
     </span>
     <span class='ocr_line' id='line_1_20' title="bbox 226 1573 1553 1627; baseline 0.001 -14"><span class='ocrx_word' id='word_1_147' title='bbox 226 1574 269 1613; x_wconf 90' lang='lat' dir='ltr'>in</span> <span class='ocrx_word' id='word_1_148' title='bbox 296 1573 764 1615; x_wconf 62' lang='lat' dir='ltr'>historiamsRomanam</span> <span class='ocrx_word' id='word_1_149' title='bbox 791 1575 1003 1627; x_wconf 80' lang='lat' dir='ltr'>irrepsisse</span> <span class='ocrx_word' id='word_1_150' title='bbox 1016 1573 1070 1626; x_wconf 82' lang='lat'>³):</span> <span class='ocrx_word' id='word_1_151' title='bbox 1111 1577 1159 1615; x_wconf 83' lang='lat' dir='ltr'>de</span> <span class='ocrx_word' id='word_1_152' title='bbox 1186 1584 1234 1615; x_wconf 82' lang='lat' dir='ltr'>ea</span> <span class='ocrx_word' id='word_1_153' title='bbox 1260 1576 1452 1615; x_wconf 85' lang='lat' dir='ltr'>historiae</span> <span class='ocrx_word' id='word_1_154' title='bbox 1474 1575 1553 1614; x_wconf 88' lang='lat' dir='ltr'>Ro-</span> 
     </span>
     <span class='ocr_line' id='line_1_21' title="bbox 226 1649 1553 1700; baseline 0.002 -15"><span class='ocrx_word' id='word_1_155' title='bbox 226 1659 374 1686; x_wconf 86' lang='lat' dir='ltr'>manae</span> <span class='ocrx_word' id='word_1_156' title='bbox 405 1652 541 1700; x_wconf 82' lang='lat' dir='ltr'>parte,</span> <span class='ocrx_word' id='word_1_157' title='bbox 585 1660 687 1699; x_wconf 90' lang='lat' dir='ltr'>quae</span> <span class='ocrx_word' id='word_1_158' title='bbox 716 1649 933 1699; x_wconf 72' lang='lat' dir='ltr'>mythicam</span> <span class='ocrx_word' id='word_1_159' title='bbox 968 1649 1123 1688; x_wconf 82' lang='lat' dir='ltr'>redolet</span> <span class='ocrx_word' id='word_1_160' title='bbox 1160 1653 1333 1688; x_wconf 84' lang='lat' dir='ltr'>aetatem</span> <span class='ocrx_word' id='word_1_161' title='bbox 1360 1649 1553 1688; x_wconf 86' lang='lat' dir='ltr'>iudicium</span> 
     </span>
     <span class='ocr_line' id='line_1_22' title="bbox 227 1710 1552 1772; baseline 0 -13"><span class='ocrx_word' id='word_1_162' title='bbox 227 1719 349 1760; x_wconf 80' lang='lat' dir='ltr'>facile</span> <span class='ocrx_word' id='word_1_163' title='bbox 380 1721 486 1760; x_wconf 85' lang='lat' dir='ltr'>ferre</span> <span class='ocrx_word' id='word_1_164' title='bbox 514 1733 742 1772; x_wconf 83' lang='lat' dir='ltr'>possumus.</span> <span class='ocrx_word' id='word_1_165' title='bbox 797 1721 1022 1772; x_wconf 82' lang='lat' dir='ltr'>Apparebit</span> <span class='ocrx_word' id='word_1_166' title='bbox 1057 1722 1179 1770; x_wconf 81' lang='lat' dir='ltr'>igitur</span> <span class='ocrx_word' id='word_1_167' title='bbox 1217 1722 1375 1770; x_wconf 84' lang='lat' dir='ltr'>ingenio</span> <span class='ocrx_word' id='word_1_168' title='bbox 1405 1710 1552 1761; x_wconf 78' lang='lat' dir='ltr'>Rolna-</span> 
     </span>
     <span class='ocr_line' id='line_1_23' title="bbox 210 1793 1549 1851; baseline 0.001 -19"><span class='ocrx_word' id='word_1_169' title='bbox 210 1805 373 1851; x_wconf 16' lang='lat' dir='ltr'>-norum</span> <span class='ocrx_word' id='word_1_170' title='bbox 403 1805 631 1845; x_wconf 86' lang='lat' dir='ltr'>magnoque</span> <span class='ocrx_word' id='word_1_171' title='bbox 660 1797 700 1833; x_wconf 86' lang='lat' dir='ltr'>et</span> <span class='ocrx_word' id='word_1_172' title='bbox 727 1793 921 1832; x_wconf 84' lang='lat' dir='ltr'>librorum</span> <span class='ocrx_word' id='word_1_173' title='bbox 949 1797 989 1833; x_wconf 85' lang='lat' dir='ltr'>et</span> <span class='ocrx_word' id='word_1_174' title='bbox 1009 1798 1356 1834; x_wconf 84' lang='lat' dir='ltr'>monumentorum</span> <span class='ocrx_word' id='word_1_175' title='bbox 1385 1806 1549 1834; x_wconf 89' lang='lat' dir='ltr'>numero</span> 
     </span>
     <span class='ocr_line' id='line_1_24' title="bbox 227 1866 1553 1919; baseline 0.002 -14"><span class='ocrx_word' id='word_1_176' title='bbox 227 1866 386 1906; x_wconf 84' lang='lat' dir='ltr'>factum</span> <span class='ocrx_word' id='word_1_177' title='bbox 416 1878 527 1914; x_wconf 86' lang='lat' dir='ltr'>esse,</span> <span class='ocrx_word' id='word_1_178' title='bbox 557 1870 601 1906; x_wconf 89' lang='lat' dir='ltr'>ut</span> <span class='ocrx_word' id='word_1_179' title='bbox 629 1870 742 1906; x_wconf 81' lang='lat' dir='ltr'>aetas</span> <span class='ocrx_word' id='word_1_180' title='bbox 780 1878 945 1919; x_wconf 89' lang='lat' dir='ltr'>prorsus</span> <span class='ocrx_word' id='word_1_181' title='bbox 981 1866 1159 1919; x_wconf 64' lang='lat' dir='ltr'>mythico,</span> <span class='ocrx_word' id='word_1_182' title='bbox 1190 1870 1229 1907; x_wconf 86' lang='lat' dir='ltr'>et</span> <span class='ocrx_word' id='word_1_183' title='bbox 1256 1867 1417 1919; x_wconf 79' lang='lat' dir='ltr'>poetica</span> <span class='ocrx_word' id='word_1_184' title='bbox 1446 1867 1553 1919; x_wconf 85' lang='lat' dir='ltr'>apud</span> 
     </span>
     <span class='ocr_line' id='line_1_25' title="bbox 227 1933 1553 1992; baseline 0.001 -14"><span class='ocrx_word' id='word_1_185' title='bbox 227 1938 432 1979; x_wconf 86' lang='lat' dir='ltr'>Romanos</span> <span class='ocrx_word' id='word_1_186' title='bbox 460 1951 541 1979; x_wconf 89' lang='lat' dir='ltr'>non</span> <span class='ocrx_word' id='word_1_187' title='bbox 568 1941 780 1978; x_wconf 84' lang='lat' dir='ltr'>exstiterit.</span> <span class='ocrx_word' id='word_1_188' title='bbox 812 1940 898 1986; x_wconf 81' lang='lat' dir='ltr'>Qua</span> <span class='ocrx_word' id='word_1_189' title='bbox 914 1941 1053 1979; x_wconf 86' lang='lat' dir='ltr'>eadem</span> <span class='ocrx_word' id='word_1_190' title='bbox 1071 1933 1432 1988; x_wconf 87' lang='lat' dir='ltr'>monumentorum,</span> <span class='ocrx_word' id='word_1_191' title='bbox 1466 1941 1553 1992; x_wconf 92' lang='lat' dir='ltr'>qui-</span> 
     </span>
     <span class='ocr_line' id='line_1_26' title="bbox 223 2011 1552 2064; baseline 0.003 -13"><span class='ocrx_word' id='word_1_192' title='bbox 223 2011 297 2052; x_wconf 86' lang='lat' dir='ltr'>bus</span> <span class='ocrx_word' id='word_1_193' title='bbox 327 2025 390 2052; x_wconf 83' lang='lat' dir='ltr'>res</span> <span class='ocrx_word' id='word_1_194' title='bbox 418 2015 562 2063; x_wconf 81' lang='lat' dir='ltr'>gestae</span> <span class='ocrx_word' id='word_1_195' title='bbox 592 2011 953 2062; x_wconf 84' lang='lat' dir='ltr'>consignabantur‚</span> <span class='ocrx_word' id='word_1_196' title='bbox 995 2013 1110 2064; x_wconf 85' lang='lat' dir='ltr'>copia</span> <span class='ocrx_word' id='word_1_197' title='bbox 1152 2012 1339 2052; x_wconf 78' lang='lat' dir='ltr'>effectum</span> <span class='ocrx_word' id='word_1_198' title='bbox 1381 2017 1463 2063; x_wconf 77' lang='lat' dir='ltr'>est,</span> <span class='ocrx_word' id='word_1_199' title='bbox 1508 2018 1552 2055; x_wconf 82' lang='lat' dir='ltr'>ut</span> 
     </span>
    </p>
   </div>
   <div class='ocr_carea' id='block_1_3' title="bbox 225 2092 478 2101">
    <p class='ocr_par' dir='ltr' id='par_1_4' title="bbox 225 2092 478 2101">
     <span class='ocr_line' id='line_1_27' title="bbox 225 2092 478 2101; baseline 0 758"><span class='ocrx_word' id='word_1_200' title='bbox 225 2092 478 2101; x_wconf 95' lang='lat' dir='ltr'> </span> 
     </span>
    </p>
   </div>
   <div class='ocr_carea' id='block_1_4' title="bbox 217 2137 1592 2431">
    <p class='ocr_par' dir='ltr' id='par_1_5' title="bbox 304 2137 623 2179">
     <span class='ocr_line' id='line_1_28' title="bbox 304 2137 623 2179; baseline 0 -10"><span class='ocrx_word' id='word_1_201' title='bbox 304 2137 343 2178; x_wconf 83' lang='lat'>1)</span> <span class='ocrx_word' id='word_1_202' title='bbox 368 2137 461 2169; x_wconf 83' lang='lat' dir='ltr'>Brut.</span> <span class='ocrx_word' id='word_1_203' title='bbox 496 2148 546 2179; x_wconf 86' lang='lat' dir='ltr'>cp.</span> <span class='ocrx_word' id='word_1_204' title='bbox 573 2139 623 2171; x_wconf 82' lang='lat'>19.</span> 
     </span>
    </p>

    <p class='ocr_par' dir='ltr' id='par_1_6' title="bbox 217 2199 1592 2366">
     <span class='ocr_line' id='line_1_29' title="bbox 304 2199 1592 2242; baseline 0.005 -12"><span class='ocrx_word' id='word_1_205' title='bbox 304 2199 341 2238; x_wconf 77' lang='lat'>2)</span> <span class='ocrx_word' id='word_1_206' title='bbox 366 2199 457 2231; x_wconf 79' lang='lat' dir='ltr'>Tusc.</span> <span class='ocrx_word' id='word_1_207' title='bbox 484 2203 606 2240; x_wconf 78' lang='lat' dir='ltr'>quaest.</span> <span class='ocrx_word' id='word_1_208' title='bbox 633 2203 646 2229; x_wconf 90' lang='lat' dir='ltr'>l</span> <span class='ocrx_word' id='word_1_209' title='bbox 682 2202 725 2240; x_wconf 79' lang='lat'>23</span> <span class='ocrx_word' id='word_1_210' title='bbox 772 2200 809 2231; x_wconf 81' lang='lat' dir='ltr'>de</span> <span class='ocrx_word' id='word_1_211' title='bbox 834 2203 915 2231; x_wconf 79' lang='lat' dir='ltr'>orat.</span> <span class='ocrx_word' id='word_1_212' title='bbox 942 2201 973 2233; x_wconf 87' lang='lat'>3.</span> <span class='ocrx_word' id='word_1_213' title='bbox 998 2202 1050 2232; x_wconf 85' lang='lat'>51.</span> <span class='ocrx_word' id='word_1_214' title='bbox 1078 2203 1150 2233; x_wconf 77' lang='lat'><strong>197.</strong></span> <span class='ocrx_word' id='word_1_215' title='bbox 1195 2202 1303 2241; x_wconf 77' lang='lat' dir='ltr'>Quint.</span> <span class='ocrx_word' id='word_1_216' title='bbox 1331 2203 1358 2234; x_wconf 91' lang='lat'>1.</span> <span class='ocrx_word' id='word_1_217' title='bbox 1386 2201 1423 2233; x_wconf 91' lang='grc' dir='ltr'>Ο.</span> <span class='ocrx_word' id='word_1_218' title='bbox 1449 2202 1474 2242; x_wconf 91' lang='grc' dir='ltr'>Ι,</span> <span class='ocrx_word' id='word_1_219' title='bbox 1500 2204 1551 2235; x_wconf 86' lang='grc'>10.</span> <span class='ocrx_word' id='word_1_220' title='bbox 1588 2233 1592 2237; x_wconf 76' lang='grc'>,</span> 
     </span>
     <span class='ocr_line' id='line_1_30' title="bbox 218 2261 1552 2303; baseline 0.002 -10"><span class='ocrx_word' id='word_1_221' title='bbox 218 2261 272 2293; x_wconf 79' lang='grc'>20.</span> <span class='ocrx_word' id='word_1_222' title='bbox 299 2261 372 2293; x_wconf 89' lang='lat' dir='ltr'>Non</span> <span class='ocrx_word' id='word_1_223' title='bbox 395 2262 502 2303; x_wconf 82' lang='lat' dir='ltr'>inepte</span> <span class='ocrx_word' id='word_1_224' title='bbox 525 2262 756 2302; x_wconf 66' lang='lat' dir='ltr'>Bernhardyus</span> <span class='ocrx_word' id='word_1_225' title='bbox 783 2262 895 2294; x_wconf 80' lang='lat' dir='ltr'>Horat.</span> <span class='ocrx_word' id='word_1_226' title='bbox 922 2263 982 2294; x_wconf 80' lang='lat' dir='ltr'>Od.</span> <span class='ocrx_word' id='word_1_227' title='bbox 1008 2263 1086 2301; x_wconf 82' lang='grc' dir='ltr'>ΧΗ,</span> <span class='ocrx_word' id='word_1_228' title='bbox 1112 2263 1171 2296; x_wconf 87' lang='lat' dir='ltr'>lib.</span> <span class='ocrx_word' id='word_1_229' title='bbox 1197 2264 1211 2294; x_wconf 93' lang='grc' dir='ltr'><strong>Ι</strong></span> <span class='ocrx_word' id='word_1_230' title='bbox 1235 2263 1289 2295; x_wconf 85' lang='lat' dir='ltr'>illa</span> <span class='ocrx_word' id='word_1_231' title='bbox 1314 2264 1456 2295; x_wconf 81' lang='lat' dir='ltr'>carmina</span> <span class='ocrx_word' id='word_1_232' title='bbox 1474 2274 1552 2296; x_wconf 80' lang='lat' dir='ltr'>con-</span> 
     </span>
     <span class='ocr_line' id='line_1_31' title="bbox 217 2324 741 2366; baseline 0.006 -12"><span class='ocrx_word' id='word_1_233' title='bbox 217 2324 337 2355; x_wconf 76' lang='lat' dir='ltr'>vivalia</span> <span class='ocrx_word' id='word_1_234' title='bbox 361 2325 520 2356; x_wconf 80' lang='lat' dir='ltr'>imitatum</span> <span class='ocrx_word' id='word_1_235' title='bbox 544 2335 615 2356; x_wconf 76' lang='lat' dir='ltr'>esso</span> <span class='ocrx_word' id='word_1_236' title='bbox 638 2327 741 2366; x_wconf 78' lang='lat' dir='ltr'>putat.</span> 
     </span>
    </p>

    <p class='ocr_par' dir='ltr' id='par_1_7' title="bbox 307 2386 1551 2431">
     <span class='ocr_line' id='line_1_32' title="bbox 307 2386 1551 2431; baseline 0.004 -14"><span class='ocrx_word' id='word_1_237' title='bbox 307 2386 343 2427; x_wconf 88' lang='lat'>3)</span> <span class='ocrx_word' id='word_1_238' title='bbox 369 2387 408 2418; x_wconf 82' lang='lat' dir='ltr'>cf.</span> <span class='ocrx_word' id='word_1_239' title='bbox 431 2397 510 2428; x_wconf 80' lang='lat' dir='ltr'>quac</span> <span class='ocrx_word' id='word_1_240' title='bbox 534 2387 617 2428; x_wconf 83' lang='lat' dir='ltr'>apud</span> <span class='ocrx_word' id='word_1_241' title='bbox 640 2388 770 2420; x_wconf 84' lang='lat' dir='ltr'>Livium</span> <span class='ocrx_word' id='word_1_242' title='bbox 796 2387 834 2420; x_wconf 82' lang='lat' dir='ltr'>de</span> <span class='ocrx_word' id='word_1_243' title='bbox 867 2388 1001 2431; x_wconf 83' lang='lat' dir='ltr'>proeliis</span> <span class='ocrx_word' id='word_1_244' title='bbox 1032 2400 1102 2421; x_wconf 82' lang='lat' dir='ltr'>cum</span> <span class='ocrx_word' id='word_1_245' title='bbox 1135 2389 1339 2431; x_wconf 81' lang='lat' dir='ltr'>Tarquiniis,</span> <span class='ocrx_word' id='word_1_246' title='bbox 1376 2390 1414 2422; x_wconf 85' lang='lat' dir='ltr'>de</span> <span class='ocrx_word' id='word_1_247' title='bbox 1439 2389 1551 2422; x_wconf 81' lang='lat' dir='ltr'>Gabiis</span> 
     </span>
    </p>
   </div>
   <div class='ocr_carea' id='block_1_5' title="bbox 220 2450 1550 2493">
    <p class='ocr_par' dir='ltr' id='par_1_8' title="bbox 220 2450 1550 2493">
     <span class='ocr_line' id='line_1_33' title="bbox 220 2450 1550 2493; baseline 0.001 -12"><span class='ocrx_word' id='word_1_248' title='bbox 220 2452 317 2491; x_wconf 76' lang='lat' dir='ltr'>atque</span> <span class='ocrx_word' id='word_1_249' title='bbox 343 2450 432 2485; x_wconf 79' lang='lat' dir='ltr'>veiis</span> <span class='ocrx_word' id='word_1_250' title='bbox 456 2451 599 2482; x_wconf 71' lang='lat' dir='ltr'>obsessis</span> <span class='ocrx_word' id='word_1_251' title='bbox 622 2453 807 2491; x_wconf 73' lang='lat' dir='ltr'>narrantur,</span> <span class='ocrx_word' id='word_1_252' title='bbox 835 2462 914 2491; x_wconf 76' lang='lat' dir='ltr'>quae</span> <span class='ocrx_word' id='word_1_253' title='bbox 937 2452 1053 2492; x_wconf 84' lang='lat' dir='ltr'>ubique</span> <span class='ocrx_word' id='word_1_254' title='bbox 1080 2452 1237 2483; x_wconf 83' lang='lat' dir='ltr'>Graccum</span> <span class='ocrx_word' id='word_1_255' title='bbox 1272 2454 1396 2493; x_wconf 70' lang='lat' dir='ltr'>spirant</span> <span class='ocrx_word' id='word_1_256' title='bbox 1420 2454 1550 2485; x_wconf 81' lang='lat' dir='ltr'>sontem.</span> 
     </span>
    </p>
   </div>
  </div>
 </body>
</html>
