1718 2859
728 139 1048 190 -.s.-

197 241 412 297 plerosque
438 242 822 298 populosadhiberi
850 248 1032 297 possunt.
1075 244 1133 286 Ne
1162 243 1270 295 longi
1281 244 1419 288 simus,
1444 245 1529 287 fere

200 328 339 356 omnes
366 317 491 357 Asiae
519 320 674 367 gentes,
703 317 892 365 Hebraei,
922 317 1022 366 Indi,
1051 318 1191 357 eadem
1219 317 1409 357 historiae
1438 314 1534 362 con·

203 388 441 429 scribendae
479 382 601 430 initia
636 390 753 430 nobis
797 390 1003 443 praebent.
1042 391 1120 434 Sed
1160 391 1258 432 dnm
1300 389 1360 431 illi
1395 390 1534 444 populi

201 466 274 502 aut
300 464 446 503 mentis
476 464 651 517 quadam
687 465 827 516 inopia
855 486 905 493 -—
935 476 984 504 ne
1026 464 1158 504 dicam
1188 467 1359 504 naturae
1386 465 1534 517 iniqui-

201 538 285 575 tate
314 558 365 563 —-
391 547 518 588 usque
546 537 599 576 ad
628 537 835 577 interitum
864 550 936 589 per
973 537 1102 578 multa
1142 537 1305 577 saecula
1334 537 1421 578 sine
1449 538 1532 578 ullo

201 609 287 649 fere
324 621 542 661 progressu
569 611 611 649 in
639 610 701 650 his
730 611 830 650 artis
871 610 1089 650 historicae
1143 611 1434 662 quodammodo
1471 612 1533 651 in-

208 681 421 722 cunabulis
464 686 716 735 permanent,
758 687 849 731 aut,
887 684 927 723 id
978 684 1084 735 quod
1123 683 1333 723 Germanis
1373 684 1533 732 accidit,

200 755 311 795 sicea
341 768 484 797 rerum
512 760 717 807 gestarum
731 757 947 804 enarratio,
977 756 1110 796 aliena
1137 755 1275 806 lingna
1303 768 1388 804 usa,
1417 759 1533 796 natu-

202 827 342 877 ralem,
370 832 417 869 ut
442 829 502 869 ita
530 829 676 878 dicam,
712 841 945 882 processum
972 829 1183 881 impedivit
1199 828 1245 881 ¹),
1284 828 1531 883 Graecorum

179 899 406 952 'ingenium
434 905 555 955 atque
582 906 730 943 natura
759 914 805 942 eo
834 903 1032 955 provenit,
1062 906 1106 942 ut
1135 915 1278 955 corpus
1307 902 1407 943 illud
1432 915 1530 955 poe-

201 974 542 1015 tino-historicum
557 977 600 1015 in
628 977 728 1016 duas
750 960 887 1028 partes
917 977 1157 1024 dividerent,
1188 989 1356 1029 quarum
1377 980 1531 1016 utram-

204 1060 279 1101 que
316 1048 497 1089 mirabili
534 1049 654 1089 modo
695 1048 945 1090 excolebant.
997 1049 1077 1089 Sed
1116 1049 1195 1089 iam
1234 1048 1396 1088 uberius
1427 1048 1531 1089 hunc

201 1133 460 1173 progressum
488 1122 753 1174 depingamus
781 1134 945 1161 necesse
966 1125 1038 1161 est.

305 1195 601 1248 Antiquissima
638 1195 885 1236 Graecorum
925 1195 1106 1236 carmina
1143 1195 1316 1243 fabulas,
1356 1195 1531 1247 mythos,

187 1268 411 1312 *historiam
438 1269 653 1309 coniuncta
682 1269 929 1323 continuisse
970 1269 1050 1308 iam
1094 1269 1245 1308 dictum
1276 1272 1348 1308 est.
1388 1268 1530 1320 Itaque

201 1342 320 1382 huius
348 1343 482 1395 poesis
511 1341 667 1395 reliqua
696 1342 768 1383 illa
795 1343 973 1395 pretiosa
1001 1343 1194 1390 earmina,
1223 1342 1387 1382 Homeri
1416 1343 1520 1390 dico,

200 1416 325 1466 digna
352 1419 458 1465 sunt,
489 1427 591 1468 quae
621 1416 671 1455 ab
701 1416 894 1456 historico
934 1427 1091 1468 quoqne
1132 1416 1277 1455 iterum
1305 1416 1529 1468 iterumque

201 1492 438 1529 tractentur.
481 1488 633 1536 Quibus
662 1489 777 1529 lectis
807 1490 907 1529 satis
921 1479 1206 1538 ‘intelligemus
1236 1489 1529 1540 antiquissimis

201 1562 449 1614 temporibus
478 1561 659 1603 historici
694 1575 839 1603 munus
874 1562 979 1603 idem
1007 1561 1143 1609 fuisse,
1183 1561 1289 1613 quod
1316 1566 1459 1613 poetae
1478 1561 1525 1612 ²).

285 1698 317 1740 ¹)
343 1699 384 1729 cf.
407 1698 554 1740 Loebell,
588 1699 743 1739 Epochen
766 1698 823 1729 der
855 1698 1225 1737 Gescliicbtzclneibung
1248 1698 1280 1728 in
1302 1697 1358 1729 Fr.
1384 1707 1415 1729 v.
1438 1696 1527 1728 Rau-

198 1757 279 1794 mcr‘
290 1761 416 1794 Histor.
442 1762 683 1801 Tasclicnbuch,
709 1761 798 1794 Neue
821 1761 934 1802 Folge,
958 1761 990 1794 2.
1015 1761 1181 1802 Jahrgang
1203 1771 1236 1802 p,
1262 1761 1338 1794 342.

215 1819 220 1821 “
281 1825 310 1866 ²)
334 1826 520 1867 Ubicunque
544 1827 576 1857 in
601 1827 732 1857 Homeri
757 1826 951 1857 carminibus
984 1829 1072 1856 vates
1105 1826 1196 1856 nobis
1228 1827 1424 1866 occurrunt3
1472 1834 1525 1856 ca-

197 1892 288 1927 nunt,
313 1892 349 1920 ut
372 1888 533 1921 Hesiodus
556 1889 646 1926 dicit,
673 1890 768 1921 κλεῖα
789 1888 963 1934 προτὲρυεν
988 1889 1178 1933 ἀνθρώπων
1198 1886 1354 1932 μάκαράς
1376 1902 1410 1920 τε
1427 1886 1526 1927 θεοιῖς

199 1951 338 1992 (Tneog.
370 1951 444 1991 100,
476 1953 517 1984 cr.
537 1952 636 1984 eliam
661 1951 702 1984 31
723 1962 784 1993 sq„
810 1951 905 1990 alia).
946 1952 1005 1991 Qui
1041 1954 1129 1983 rates
1162 1952 1310 1983 omnibus
1350 1951 1525 1991 gratissimi

197 2024 327 2056 semper
358 2012 537 2046 intererant
565 2015 749 2055 principum
783 2014 958 2046 convivih:
992 2023 1092 2053 neque
1124 2013 1297 2054 insonum,
1343 2013 1398 2044 sed
1430 2013 1525 2044 etiam

194 2075 250 2109 alii
283 2077 420 2118 gloriam
454 2078 609 2110 maiorum
643 2079 737 2109 cantu
780 2075 1031 2117 praedicabanty.
1064 2075 1101 2107 de
1132 2076 1308 2109 fortissimo
1331 2075 1455 2117 quidem
1489 2079 1525 2107 et⁴

192 2139 393 2171 nobilissimo
417 2140 556 2175 illorum.
583 2140 635 2180 qui
660 2140 788 2170 Troiam
812 2139 1059 2178 oppugnabant,
1077 2139 1219 2169 virorum
1244 2138 1403 2169 Homerus
1426 2137 1526 2169 dicit:

189 2199 234 2243 τῆ
259 2200 475 2246 (Φόρμιγγι)
502 2197 561 2245 ἕγε
585 2200 696 2243 θυμὸν
723 2197 872 2244 ἔτερπεν.
898 2198 983 2232 ἄειδε
1013 2199 1106 2242 δ’ἆρα
1122 2199 1204 2232 κλέα
1230 2201 1359 2246 ἀνδρῶν
1384 2199 1430 2241 (ll
1469 2199 1526 2235 ῙΧ.

189 2263 281 2304 189).
307 2264 377 2304 Quo
401 2264 535 2296 canendi
559 2263 667 2295 studio
691 2264 808 2294 factum
835 2265 940 2302 cst‚nt
969 2262 1264 2302 praeclarissimum
1287 2262 1432 2304 quodque
1450 2262 1523 2293 Sac—

186 2328 254 2357 tum
279 2327 473 2358 carminibm
489 2326 739 2367 praedicaretur
760 2327 797 2354 et
821 2333 928 2355 rerum
942 2307 1104 2364 gestarum
1130 2325 1212 2356 sama
1236 2323 1425 2365 pervulgata
1440 2325 1526 2355 esset

188 2388 306 2429 (κλέος
327 2389 466 2434 οὐρανὸν
486 2388 582 2434 εέρῦν
601 2388 725 2420 ἵκανεν.
753 2387 810 2418 od.
837 2387 928 2424 V111,
953 2387 1025 2428 74).
1052 2388 1151 2418 Immo
1175 2387 1317 2428 aequalis
1340 2387 1454 2417 aetatis
1469 2396 1527 2420 ,res

188 2454 297 2493 gestae
321 2451 572 2484 decantabantur
595 2453 626 2483 et
652 2449 842 2481 novissimae
862 2449 973 2490 cuique
985 2450 1086 2481 famae
1110 2449 1253 2481 nomines
1278 2449 1412 2486 maxime
1437 2449 1525 2479 save-

0 2660 938 2859 K
