1718 2859
717 229 901 270 -53
982 250 1034 260 -.

231 344 305 384 que
334 344 467 372 rerum
494 332 727 386 reliquerint
754 337 794 374 et
831 334 911 374 alio
934 334 1035 374 'loco
1072 333 1255 378 Atticum
1291 333 1342 372 de
1379 332 1430 372 iis
1466 329 1541 373 hoc

229 406 347 445 modo
375 406 603 458 loquentem
629 407 804 447 inducit:
835 406 958 455 „Post
986 407 1153 447 annales
1181 406 1423 459 pontificum*
1453 417 1541 445 ma·
1594 400 1601 405 ⁸

230 479 493 519 ximorum—
520 480 555 520 si
582 483 662 520 aut·
679 479 731 519 ad
758 479 927 519 Fabium
955 484 1025 520 aut
1052 480 1104 520 ad
1128 491 1239 528 eum,
1289 480 1355 531 qui
1384 491 1543 531 semper

229 552 271 592 in
300 564 367 592 ore
397 556 468 602 est,
495 553 700 602 Catonem,
729 557 798 609 aut
826 552 877 593 ad
904 551 1111 602 Pisonem,
1140 555 1210 593 aut
1239 553 1291 593 ad
1331 552 1542 601 Fannium,
1586 561 1596 570 ”

231 630 300 667 aut
328 628 380 667 ad
406 627 628 667 Venonium
656 626 814 674 venias,
862 638 1105 679 quamquam
1143 639 1192 666 ex
1227 626 1289 666 his
1319 626 1422 666 alius
1462 627 1540 666 alio
1581 633 1587 658 ’τ

232 700 323 752 plus
350 700 472 739 habet
498 700 666 747 virium,
705 702 841 739 tamen
878 701 974 752 quid
1011 703 1094 758 tam
1135 699 1263 748 exile,
1319 711 1441 752 quam
1477 698 1545 739 isti

232 776 425 813 omnesY‘
454 774 563 820 Quae
590 773 718 812 Attici
748 772 883 819 verba,
915 786 990 824 quo
1022 774 1075 812 ad
1113 759 1309 813 Catonem
1346 776 1544 824 spectant,

232 845 367 897 paullo
411 845 692 893 restringenda
729 856 817 883 esse
858 845 944 896 ipse
994 846 1130 884 Cicero
1171 857 1244 883 nos
1283 845 1422 892 docet,
1478 844 1546 896 qui

226 918 583 968 -eg‘regiecatonis
612 918 863 957 indicendo
903 918 1070 957 virtutes
1111 917 1308 968 laudetl).
1365 917 1547 964 „Quis—-

235 992 352 1030 ait-
381 990 450 1030 illo
480 991 651 1040 gravior·
668 992 711 1029 in
737 990 964 1038 laudando,
992 990 1173 1030 acerbior
1201 991 1242 1029 in
1270 990 1547 1042 vituperando,

232 1066 275 1103 in
303 1065 511 1104 sententiis
541 1065 731 1113 argutior,
760 1065 801 1103 in
831 1066 1007 1104 docendo
1050 1065 1382 1116 edisserendoque
1420 1064 1546 1103 subti-

235 1137 338 1176 lior?
390 1135 577 1176 Refertae
616 1140 709 1176 sunt
738 1138 938 1177 orationes
968 1137 1141 1189 amplius
1171 1141 1330 1178 centum
1351 1138 1547 1189 quinqua-

236 1211 414 1260 ginta...
442 1213 482 1249 et
518 1210 651 1249 verbis
697 1214 737 1250 et
775 1210 893 1249 rebus
930 1210 1169 1250 illustribus:
1220 1211 1332 1250 Licet
1379 1223 1429 1249 ex
1468 1209 1548 1249 illis

239 1282 390 1333 eligant
417 1295 475 1331 ea,
505 1296 606 1336 quae
634 1284 843 1324 notatione
873 1286 912 1323 et
947 1283 1067 1323 laude
1106 1284 1229 1333 digna
1265 1285 1374 1326 sint„
1414 1296 1551 1323 omnes

238 1357 438 1395 oratoriae
465 1357 633 1395 virtutes
661 1357 764 1396 iniis
792 1357 1051 1407 reperientur.
1084 1356 1168 1395 Iam
1191 1369 1285 1396 vero
1313 1357 1549 1406 „Origines“

238 1429 334 1484 eius,
363 1441 481 1480 quem
507 1429 647 1468 florem
675 1433 744 1469 aut
773 1430 880 1481 quod
908 1429 1042 1468 lumen
1071 1429 1321 1482 eloquentiae
1361 1429 1441 1469 non'
1479 1429 1549 1469 ha-

240 1502 362 1540 bent?
392 1502 606 1541 Amatores
634 1502 726 1541 huic
754 1503 909 1549 desunt,
939 1503 1044 1541 sicut
1071 1502 1207 1541 multis
1236 1503 1317 1541 iam
1348 1506 1550 1541 antesae-

239 1573 340 1615 culis
369 1574 601 1617 et-Phili‘sto
632 1572 847 1629 Syracusio
877 1579 916 1616 et
958 1576 1037 1628 ipsi
1076 1575 1310 1628 Thucydidi.
1367 1576 1470 1616 Nam
1509 1580 1555 1616 ut

240 1648 383 1687 horum
431 1650 600 1688 concisis
647 1650 880 1695 sententiis,
915 1638 1133 1688 'interdum
1182 1650 1303 1687 etiam
1340 1661 1420 1687 non
1454 1649 1554 1687 satis

241 1720 404 1772 apertis,
434 1732 524 1761 cum
552 1720 760 1770 brevitate,
789 1725 874 1762 tum
903 1723 1030 1762 nimio
1060 1723 1242 1762 acumine
1273 1723 1397 1762 officit
1424 1722 1552 1762 Theo-

243 1806 415 1844 pompus
444 1789 616 1832 elatione
645 1798 764 1845 atque
794 1794 1006 1834 altitudine
1043 1795 1235 1832 orationis
1275 1806 1445 1832 suae...
1489 1795 1555 1832 Sic

242 1864 404 1905 Catonis
458 1864 674 1905 luminibus
727 1865 927 1907 obstruxit
977 1867 1075 1906 haec
1126 1868 1392 1919 posteriorum
1441 1867 1557 1917 quasi

242 1941 487 1988 exaggerata
533 1938 652 1977 altius
701 1941 916 1979 oratio...⁶‘
945 1940 1009 1978 Ad
1048 1951 1149 1992 quae
1187 1940 1346 1978 Atticus
1386 1940 1556 1978 eandem

242 2012 324 2051 fere
353 2012 506 2063 profert
533 2012 793 2059 sententiam,
833 2026 953 2065 quam
982 2014 1023 2053 in
1051 2013 1154 2053 libro
1182 2013 1209 2060 I,
1238 2014 1275 2059 2,
1313 2014 1360 2052 de
1402 2013 1555 2062 legibus

242 2085 467 2127 invenimus
480 2085 535 2133 2);
556 2085 738 2135 „Ego-
758 2086 949 2138 inquit-
977 2087 1167 2126 Catonem
1198 2090 1321 2132 tuum,
1351 2090 1394 2124 ut
1416 2087 1555 2132 civem,

241 2161 285 2197 ut
313 2161 549 2205 senatorem,
582 2162 626 2197 ut
653 2159 959 2210 imperatorem,
1008 2163 1053 2198 ut
1091 2160 1221 2197 virum
1259 2159 1427 2210 denique
1465 2171 1556 2198 cum

242 2231 455 2282 prudentia
469 2233 554 2270 tum
584 2232 691 2271 omni
712 2232 857 2271 virtute
887 2230 1148 2270 excellentem
1176 2231 1321 2283 probo:
1354 2232 1557 2271 orationes

244 2306 379 2343 autem
407 2303 504 2350 eius,
534 2307 578 2344 ut
605 2304 684 2344 illis
713 2303 957 2356 temporibus
989 2304 1105 2344 valde
1148 2304 1271 2344 laudo.
1282 2321 1290 2351 3
1331 2306 1559 2355 significant

334 2447 368 2486 1)
393 2447 484 2478 Brut.
510 2457 558 2487 ep.
586 2448 638 2481 17.

325 2508 360 2547 2)
385 2509 474 2540 Brut.
502 2519 551 2549 cp.
575 2509 626 2541 85.
