1718 2859
653 165 967 203 .-.53-μ

154 268 386 319 gravissimi
421 269 600 309 auctoris
635 268 839 311 ciceronis
877 271 944 311 de.
965 270 1016 310 iis
1050 270 1252 319 iudicium,
1289 273 1476 312 conside-4

154 354 325 383 nimus.-¹
357 339 533 391 „Qualis
560 363 612 395 -ς-
640 341 773 393 inquit
791 343 1037 395 ¹)A—-apud
1073 341 1251 384 Graecos
1279 342 1478 404 Pherecyj⁴

156 415 257 463 des,
284 414 555 472 Hellanicus,
585 414 802 454 Acusilaus
838 416 917 455 fuit
953 415 1103 466 aliique
1135 416 1342 466 permulti,
1381 416 1478 456 talis

100 495 103 497 ·
154 488 295 536 noster
322 486 422 529 Cato
452 489 493 527 et
519 485 656 531 Pictor
683 490 724 532 et
750 486 863 540 Piso,
889 488 961 539 ,qui
987 500 1116 539 neque
1143 490 1306 535 tenent,
1333 488 1479 539 quibus
1532 534 1533 537 Ἰ

155 559 275 600 rebus
305 563 470 604 ornetur
498 560 626 600 oratio
641 591 650 607 ‚
689 561 809 601 modo
848 561 955 600 enim
989 560 1067 599 huc
1094 561 1177 601 ista
1202 563 1296 599 sunt
1320 560 1480 612 impor-

96 630 101 636 “
155 634 247 673 tata
274 654 326 663 —
362 635 402 672 et
435 631 532 672 dum
565 631 818 682 intelligatur
858 632 955 685 quid
991 633 1129 673 dicant
1162 644 1286 673 unam
1319 633 1480 674 dicendi

155 704 320 745 laudem
346 708 494 758 putant
521 704 806 746 brevitatem.“
861 705 1042 746 Videtur
1058 706 1182 756 igitur
1205 705 1263 747 -de
1288 705 1480 746 Romanis

157 778 426 831 scriptoribus
453 777 536 817 illis
576 778 715 819 Cicero
752 778 860 818 idem
886 778 1113 826 iudicasse,
1142 778 1250 830 quod
1277 779 1327 818 de
1355 778 1482 819 Grae·

158 864 298 894 corum
325 850 613 903 logographis,
651 851 724 894 sed
751 850 852 891 bene
878 852 1095 891 tenendum
1122 855 1185 891 est
1212 852 1482 903 comparatio-

156 935 254 964 nem
281 924 402 964 modo
430 922 641 963 laudatam
668 924 885 975 praecipue
914 924 1108 964 orationis
1129 915 1478 977 genus'spectare.

159 997 244 1037 Nos
280 997 442 1048 quidem
482 996 532 1036 ab
569 996 645 1036 hoc
682 996 886 1035 Ciceronis
928 997 1076 1037 iudicio
1121 1009 1365 1049 quamquam
1400 1010 1482 1039 non

160 1069 281 1122 plane
311 1069 596 1115 abhorremus,
635 1072 772 1108 tamen
807 1070 1049 1109 sententiam
1086 1073 1268 1110 nostram
1304 1071 1485 1110 certiori-

158 1142 234 1182 bus
263 1141 594 1183 circumscribere
620 1141 768 1181 finibus
795 1142 993 1183 volumus.
1031 1143 1144 1191 Quod
1174 1143 1225 1184 ad
1254 1143 1486 1195 dispositio·

160 1215 225 1258 nis
260 1218 392 1256 artem
426 1214 773 1269 elocutionemque
811 1215 989 1262 adtinet,
1030 1204 1234 1256 annalium
1269 1216 1487 1268 scriptores

161 1288 338 1329 eandem
366 1288 484 1330 nobis
511 1288 708 1340 praebent
734 1289 924 1340 speciem,
951 1300 1081 1343 quam&
1098 1288 1350 1340 logographi.
1405 1289 1486 1328 Sed

162 1361 197 1402 si
223 1361 274 1401 de
301 1361 379 1401 fide
408 1363 529 1413 atque
556 1361 800 1401 auctoritate
828 1363 1020 1412 utrosque
1039 1361 1331 1409 examinamus,
1358 1360 1488 1401 Grae·

161 1425 230 1474 cos
259 1446 284 1473 a
311 1434 505 1475 Romanis
532 1433 655 1474 facile
681 1434 867 1485 superari
910 1445 1029 1473 nemo
1066 1446 1147 1474 non
1185 1434 1306 1474 videt.
1354 1434 1487 1479 Cujus

161 1507 223 1547 rei
243 1518 400 1561 ‚causae
427 1510 469 1547 et
494 1507 537 1546 in
563 1505 765 1551 fontibus,
804 1506 947 1558 quibus
975 1505 1179 1546 Romanos
1217 1507 1312 1548 inde
1353 1518 1378 1547 a
1404 1507 1488 1558 pri-

162 1580 244 1620 scis
270 1579 520 1633 temporibus
547 1580 704 1620 fructos
728 1591 816 1619 esse
844 1590 969 1630 supra
986 1579 1350 1619 demonstravimus
1380 1582 1420 1618 et
1445 1579 1489 1621 iu

163 1654 347 1705 ipsorum
375 1654 622 1705 scriptorum
649 1664 742 1692 cum
768 1651 904 1691 indole
934 1655 1020 1691 tum
1048 1652 1218 1692 consilio
1246 1652 1350 1691 sitae
1374 1654 1485 1692 sunt.

164 1727 345 1768 Fuerunt
373 1728 479 1767 enim
514 1727 611 1770 viri,
658 1726 726 1777 qui
767 1725 933 1767 annales
972 1724 1175 1767 Romanos
1210 1726 1487 1773 condiderunt,

167 1800 275 1840 cives
303 1799 525 1839 honoribus
554 1799 688 1839 ornati
716 1801 848 1850 atque,
891 1810 980 1837 cum
1005 1810 1078 1850 per
1106 1811 1264 1838 omnem
1292 1799 1419 1838 vitam
1446 1799 1489 1838 in

165 1885 209 1912 re
237 1872 403 1924 publica
429 1876 702 1919 versarentur,
729 1872 829 1923 ipsis
857 1870 978 1910 rebus
1006 1872 1185 1911 exerciti.
1224 1871 1261 1914 A
1290 1884 1370 1923 qua
1398 1884 1491 1911 con-

170 1944 326 1984 ditione
350 1945 532 1984 maxima
560 1956 610 1982 ex
645 1946 761 1995 parte
797 1943 1068 1994 logographos
1105 1944 1257 1983 alienos
1286 1945 1412 1985 fuisse
1441 1956 1491 1982 ex

169 2017 295 2070 priori
323 2016 442 2056 huius
471 2016 822 2057 commentationis
850 2019 966 2068 parte
986 2001 1141 2056 elucere
1156 2020 1357 2068 putamus.
1388 2017 1491 2056 Con-

170 2091 361 2131 diderunt
403 2093 537 2130 autem
581 2089 642 2130 illi
691 2089 964 2129 Romanorum
1011 2093 1241 2137 senatores,
1298 2089 1493 2137 consules,

172 2164 327 2215 equites
362 2163 577 2210 historias,
618 2166 663 2203 ut
694 2175 759 2202 res
794 2175 819 2201 a
853 2162 1072 2203 maioribus
1115 2163 1322 2215 praeclare
1360 2166 1496 2213 gestas

170 2236 345 2289 posteris
374 2236 582 2292 traderent
608 2247 755 2287 eosque
784 2236 837 2275 ad
861 2235 1128 2277 imitationem
1157 2236 1370 2284 virtutum,
1400 2247 1498 2287 qua-

188 2336 296 2344 -—

259 2391 295 2431 1)
318 2390 355 2438 de
378 2393 462 2424 orat.
488 2390 532 2430 11,
558 2391 610 2424 12.
