1718 2859
777 137 1092 178 -35—

272 242 397 284 lulum
424 244 590 294 infringi
618 243 680 283 vel
710 244 880 285 diminui
910 247 1090 296 apparet.
1146 241 1228 283 Sed
1264 242 1347 284 iam
1385 240 1511 282 alium
1535 242 1597 283 in-

271 317 452 357 venimus
481 317 645 365 sontem,
674 329 722 356 ex
752 328 830 369 quo
859 316 1012 357 multae
1039 315 1200 356 fabulae
1227 314 1503 356 inhistoriam
1517 313 1597 354 Ro-

271 401 433 428 manam
460 390 672 436 fluxerint,
703 390 743 428 in
773 390 874 440 ipsis
903 389 984 428 illis
1011 388 1127 428 libris
1155 389 1281 428 sacris
1309 389 1455 436 situm,
1493 399 1594 440 quos

269 473 419 511 magna
447 474 496 501 ex
525 465 639 513 parte
666 459 849 500 serratos
879 472 967 500 esse
1006 461 1295 500 contendimus.
1340 460 1515 502 Namjn
1541 460 1592 500 iis

269 535 427 573 inerant
454 534 556 572 ritus
586 537 626 572 et
653 533 841 572 instituta
870 533 1038 583 antiqua
1075 520 1292 583 eorumque
1321 543 1479 580 causae,
1507 533 1590 572 ori·

271 606 396 655 gines,
427 617 526 657 quas
555 605 609 644 ad
637 605 734 643 deos
761 605 872 656 ipsos
900 603 1127 643 referebant
1162 607 1372 653 auctores,
1411 605 1592 645 carmina

270 668 484 723 solemnia]
525 678 733 728 prodigia,
761 677 1081 724 vaticinationes,
1110 676 1192 716 alia
1220 677 1426 716 eiusmodi.
1482 677 1590 725 Quos

269 749 393 789 libros
422 749 541 802 primi
570 749 775 789 annalium
804 749 1021 801 scriptores
1050 750 1266 799 genuinum
1285 748 1487 789 habebant
1500 750 1589 790 fon-

271 827 353 862 tem
367 822 413 871 ¹).
443 822 687 862 Percenseas
718 835 854 862 omnes
882 824 1042 874 priscae
1069 822 1264 862 historiae
1292 822 1499 863 Romanae
1528 824 1591 863 fa-

272 896 387 936 bulas
418 898 462 940 ct,
485 894 681 947 plurimas
711 895 763 934 ad
791 894 1024 945 religiosum
1040 893 1152 934 illum
1181 893 1254 945 (sit
1281 895 1399 934 venia
1424 894 1547 935 verbo
1559 898 1588 944 !)

270 970 423 1008 fontem
451 969 592 1007 referri
619 980 737 1018 posse
758 961 940 1018 'reperies
957 968 1003 1016 ²).
1057 967 1210 1006 Referti
1247 968 1352 1006 enim
1388 972 1503 1008 erant
1528 968 1588 1007 illi

268 1040 362 1081 libri
397 1040 686 1093 superstitiosis
725 1039 1041 1088 narrationibus,
1082 1039 1225 1092 quibus
1261 1040 1489 1081 sacerdotes
1517 1044 1588 1081 aut

270 1114 428 1164 plebem
458 1114 707 1162 obstringere
735 1113 945 1152 voluerunt
973 1116 1044 1151 aut
1071 1113 1150 1164 ipsi
1178 1112 1362 1153 obstricti
1390 1114 1584 1153 teneban-

269 1191 346 1226 tur.
385 1186 569 1226 Ceterum
594 1186 862 1235 argumentis,
891 1185 1033 1238 quibus
1061 1185 1234 1225 Ulricius
1261 1185 1468 1226 Niebuhrii
1496 1198 1588 1226 sen-

247 1260 437 1298 ·tentiam
464 1260 656 1298 refutavit
683 1260 778 1298 addi
806 1263 960 1310 potest,
1000 1259 1105 1309 quod
1133 1259 1201 1298 vix
1230 1259 1357 1298 ullum
1382 1261 1584 1312 reperitur

268 1335 439 1384 tempus,
469 1344 544 1383 quo
573 1331 624 1370 ab
653 1332 855 1383 epicorum
884 1331 1106 1370 carminum
1131 1331 1284 1383 impetu
1312 1332 1469 1371 animus
1496 1344 1584 1372 ma-

271 1405 332 1454 gis
362 1404 562 1452 abhorret,
592 1417 711 1456 quam
736 1403 858 1451 illud,
895 1405 1000 1455 quod
1028 1403 1267 1444 Niebuhrius
1297 1406 1472 1445 oriendis
1500 1405 1583 1445 illis

269 1476 513 1516 carminibus
541 1477 698 1517 tribuit.
737 1477 842 1517 Nam
870 1480 964 1528 post
993 1475 1148 1516 cladem
1179 1476 1376 1517 Gallicam
1404 1490 1469 1518 res
1497 1477 1582 1518 bel-

265 1550 345 1589 lica
373 1551 594 1589 miserrime
622 1549 799 1598 iacebat,
842 1550 950 1588 domi
992 1549 1126 1588 omnia
1163 1551 1418 1590 miseriarum
1460 1551 1583 1602 plena.

268 1625 402 1670 erant,
441 1622 571 1674 plebis
599 1634 706 1661 nexu
735 1625 773 1661 et
801 1633 892 1661 aere
933 1621 1062 1661 alieno
1100 1633 1319 1674 oppressae
1360 1623 1581 1663 acerrimae

268 1697 307 1733 et
333 1696 544 1734 continuae
574 1695 622 1733 de
649 1694 817 1746 imperio
857 1707 959 1742 cum-
986 1695 1171 1746 patriciis
1215 1696 1496 1736 contentiones
1523 1696 1583 1735 vi-

265 1767 433 1817 gebant3
463 1767 606 1820 quibus
634 1766 844 1819 paululum
871 1768 1022 1807 sedatis
1062 1768 1349 1807 decertandum
1385 1771 1474 1807 erat
1500 1767 1578 1807 Ro-

265 1841 395 1880 manis
423 1841 471 1879 de
500 1839 642 1880 Italiae
670 1841 961 1886 dominatione,
1001 1841 1123 1879 immo
1159 1841 1208 1880 de
1247 1841 1431 1891 ipsorum
1458 1839 1579 1880 liber-

264 1917 349 1953 tate
390 1925 480 1953 cum
523 1914 752 1953 fortissimis
791 1916 831 1952 et
866 1912 1184 1952 bellicosissimis
1229 1912 1369 1952 Italiae
1405 1913 1579 1966 populis.

265 1987 431 2027 Talibus
460 1991 594 2026 autem
622 1985 869 2037 temporibus
897 1997 986 2024 cum
1013 1986 1261 2033 miserrimis,
1289 1989 1374 2025 tum
1401 1987 1465 2033 iis,
1494 1987 1580 2037 qui-

267 2059 340 2098 bus
367 2058 507 2111 populi
534 2059 576 2098 in
604 2069 781 2097 summas
820 2070 883 2096 res
921 2058 1065 2096 intenti
1103 2057 1287 2097 omnibus
1326 2057 1478 2097 viribus
1518 2059 1580 2097 ni-

348 2235 382 2276 1)
406 2234 500 2267 Dion.
525 2233 599 2269 Hal.
623 2235 664 2267 A.
689 2237 733 2268 R.
757 2245 789 2278 p.
814 2234 877 2269 184
909 2234 1052 2275 παλαιὸς
1072 2234 1131 2277 μὲν
1158 2228 1213 2269 οὖν
1240 2233 1317 2269 οὔτε
1354 2238 1580 2282 συγγραφεὺς

266 2295 342 2331 οὔτε
364 2296 591 2343 λογογράφος
615 2298 689 2330 ἐστὶ
712 2295 887 2340 Ῥωμαίων
912 2297 987 2331 οὐδὲ
1009 2295 1072 2335 εἷς·
1098 2298 1137 2330 ἐν.
1160 2301 1312 2330 παλαιῶν
1324 2297 1441 2341 μέντοι
1466 2301 1581 2343 λόγων

266 2360 298 2392 ἐν
325 2358 429 2404 ἱεραῖς
454 2360 583 2397 δέλτοις
608 2359 805 2402 σωζομένων
831 2360 972 2398 ἕκαστός
1000 2373 1048 2397 τις
1070 2362 1283 2405 παραλαβὼν
1312 2360 1518 2406 ἀνέγραψεν.
1542 2377 1583 2386 -

346 2422 384 2463 2)
410 2422 455 2454 εἰξ
474 2422 548 2457 Liv,
572 2422 599 2461 Ι,
626 2421 678 2456 16,
703 2422 754 2455 19.
780 2422 830 2455 36.
856 2422 907 2455 39.
932 2422 1034 2455 55....

1245 2491 1268 2523 3
1297 2486 1319 2508 ’Β
