1718 2859
679 185 730 193 ...
813 161 867 201 36
947 185 998 193 ..-

167 263 393 315 mutuant
418 270 570 307 certum
592 273 860 319 assequantur
876 269 1007 317 finem,
1020 280 1022 283 ·
1035 268 1199 307 minime
1214 267 1343 319 epicav
1359 267 1496 309 enasci

168 335 302 380 solent
333 340 521 397 ⁶carmina
540 336 588 392 ¹).
644 339 781 380 Plebei
808 352 925 387 vero,
963 353 1132 392 quorum
1159 340 1378 392 praecipue
1408 353 1497 379 car-

169 413 280 452 mina
308 411 393 452 illa·
417 401 543 471 fuisse
582 409 838 453 Niebuhrius'
866 413 1096 461 contendit,
1145 413 1240 465 quid
1282 413 1447 465 tandem
1475 426 1496 453 e

169 485 299 537 priori
328 484 742 537 tempore-celebrare
771 489 962 539 poterant
990 486 1263 535 carminibus?
1293 486 1424 533 Quid?
1453 486 1497 527 Si

170 550 405 611 superbiam
433 558 1079 613 crudelitatemque.patriciorum
1099 571 1240 599 canere
1262 559 1495 608 voluissent,

169 640 301 671 nonne
330 632 380 671 de
407 632 588 683 ipsorum
616 627 774 684 quoque
815 633 1011 681 vinculis,
1066 632 1275 680 sordibus,
1318 632 1494 672 miseriis

168 708 441 745 memorarent
468 717 632 746 necesse
661 709 776 746 erat?
814 704 969 746 Deinde
1000 706 1035 746 si
1064 718 1225 746 carmen
1264 705 1495 745 continuum
1553 707 1557 710 “
1606 711 1608 714 ’

166 778 410 825 exstitisset,
439 790 573 817 nonne
603 778 739 829 aliqua
770 779 929 830 quidem
959 779 1043 817 eius
1073 779 1246 828 vesti-gia
1264 779 1493 817 inveniren—

167 850 373 890 turYSed
402 853 495 890 ante
523 850 720 891 Naevium
749 853 789 890 et
815 844 990 890 Ennium
1017 850 1117 890 nihil
1145 851 1341 891 eiusmodi
1368 851 1493 891 fuisse

167 927 207 963 et
234 935 403 973 magno,
446 936 523 974 quo
554 922 834 963 afficiebant-'ur
862 923 903 963 hi
930 927 1074 975 poetae
1114 923 1264 963 honore
1297 927 1337 963 et
1364 924 1493 963 nomi-

167 997 310 1046 nibus,
357 998 501 1051 quibus
530 997 683 1037 Ennius
724 997 1008 1050 appellabatur
1044 1001 1185 1050 „pater
1214 1001 1253 1037 et
1281 997 1383 1037 alter
1409 997 1492 1038 Ho-

166 1074 330 1109 merus“
357 1071 619 1119 significatur.
679 1072 829 1117 Quodsi
864 1072 1002 1121 prisca
1037 1071 1109 1109 illa
1150 1072 1351 1118 carmina,
1388 1083 1491 1122 quae

165 1143 272 1183 tueri
299 1141 541 1183 Niebuhrius
570 1155 690 1195 quam
717 1143 894 1183 maxi-me
924 1143 1080 1190 studet,
1109 1143 1383 1189 exstitissent,
1411 1155 1492 1182 non

164 1216 296 1255 minus
326 1228 463 1254 eorum
490 1216 662 1264 vestigia
689 1216 731 1254 in
758 1216 878 1254 Ennii
906 1215 1118 1254 annalibus
1162 1215 1489 1266 deprehenderes,

166 1300 288 1340 quam
317 1288 485 1328 Homeri
515 1291 554 1328 et
581 1288 725 1327 Naevii
737 1286 785 1336 ³).
841 1281 1205 1328 Grammaticorum
1242 1291 1377 1328 autem
1406 1289 1490 1327 stu·

165 1363 275 1402 dium
315 1361 456 1402 eadem
500 1360 713 1401 alacritate
750 1363 870 1413 atque
905 1361 1106 1400 industria
1135 1361 1187 1400 ad
1213 1360 1285 1400 illa
1313 1372 1356 1400 se
1385 1372 1483 1402 con-

163 1436 374 1483 vertisset,
405 1446 487 1486 qua
515 1434 568 1474 ad
597 1435 821 1474 carminum
849 1433 1067 1474 Saliarium
1094 1434 1487 1486 interpretationem·

163 1511 243 1550 Sed
271 1507 505 1560 disputandi
532 1509 651 1547 finem
687 1508 909 1554 faciamus,
952 1508 1143 1558 quoniam
1183 1507 1339 1554 omnia,
1384 1518 1486 1558 quae

164 1585 305 1622 contra
333 1580 579 1621 sententiam
607 1579 922 1620 Niebuhrian'am
951 1578 1085 1619 afferri
1112 1582 1282 1632 possunt
1309 1591 1359 1619 ne
1385 1574 1502 1631 pauss¹

166 1657 224 1695 cis
254 1655 416 1706 quidem
443 1653 519 1692 hoc
547 1653 635 1692 loco
666 1653 907 1692 adumbrare
940 1651 1047 1692 licet.

263 1727 404 1780 Itaque
432 1726 706 1766 Romanorum
733 1724 880 1773 indole,
909 1724 1156 1777 temporibus
1183 1724 1277 1773 illis,
1302 1725 1483 1765 testimo-

107 1784 110 1786 ·
158 1802 236 1841 niis
274 1801 455 1840 veterum
490 1799 699 1851 perpensis
740 1799 1007 1838 concedamus
1051 1809 1215 1837 necesse
1253 1800 1341 1845 est,
1375 1798 1484 1849 apud

157 1860 361 1913 Romanos
395 1885 476 1912 non
509 1872 684 1922 viguisse
725 1872 880 1911 maiora
920 1870 1104 1911 carmina
1144 1870 1281 1923 epica,
1335 1869 1481 1922 quibus

155 1947 328 1986 historia
348 1946 421 1984 niti
451 1945 662 1996 potuisset.

260 2018 553 2067 Quaerentibus
583 2020 718 2057 autem
755 2016 893 2064 nobis,
933 2027 1034 2068 quae
1077 2016 1241 2056 tandem
1277 2029 1343 2056 res
1373 2017 1489 2069 apud

152 2094 355 2133 Romanos
382 2091 525 2139 fuerit,
568 2103 589 2130 e
619 2103 699 2142 qua
726 2090 922 2140 originem
958 2090 1104 2129 ducere
1148 2090 1325 2142 potuerit
1352 2089 1479 2129 histo-

148 2167 305 2206 riarum
333 2152 642 2205 scribendarum
672 2176 751 2209 ars,
780 2156 995 2202 occurrunt
1022 2164 1197 2214 primum
1225 2164 1387 2215 quidem
1409 2176 1499 2203 an·-

231 2332 267 2373 1)
286 2331 487 2376 Ἐργμασιυ
511 2330 544 2362 ἐν
570 2327 741 2372 μεγάλοις
766 2331 868 2361 πὲἔσιν
896 2329 986 2361 ἁδεῖν
1014 2329 1188 2372 χαλεπόν.

227 2393 265 2435 2)
288 2393 370 2424 Hor.
401 2393 465 2433 Ep.
491 2393 517 2430 Ι.
545 2392 595 2425 19.
622 2392 653 2426 7.
676 2393 719 2430 ΙΙ,
745 2394 773 2431 1,
797 2391 852 2423 50.
876 2391 1097 2428 Lucretiusl,
1125 2390 1197 2423 111.

227 2456 263 2496 3)
287 2457 358 2487 Cic.
384 2454 421 2485 de
446 2454 502 2486 fin.
526 2455 600 2485 bon.
626 2457 657 2484 et
681 2453 755 2485 mal.
779 2453 805 2490 1-‚
821 2454 859 2493 33
884 2454 976 2485 Brut.
1004 2454 1057 2485 18.
