1718 2859
647 126 976 171 -32-

144 237 210 280 rei,
238 236 425 289 publieae
467 248 635 277 munera
672 236 932 288 suscipienda
975 235 1150 281 maxime
1196 238 1469 280 necessari-aex

143 310 657 359 fortitudo.‚aeeonstantia,
688 298 890 359 gravitas,
928 309 1148 360 frugalitas.
1174 321 1336 354 summa
1362 312 1480 354 fruet

145 382 293 423 bantur
319 383 455 431 laude,
481 394 743 434 quaecunque
773 383 825 422 ad
856 383 1032 423 civitatis
1060 393 1174 422 usum
1192 383 1331 424 minus
1355 395 1471 435 spee-

145 459 282 495 tarent
308 456 426 507 parvi
470 455 804 496 aestimabantur.
861 455 948 502 Qua
976 456 1024 495 de
1054 466 1175 495 eausa
1203 454 1372 500 Romani
1400 469 1472 508 per

144 527 273 568 multa
293 528 456 568 saecula
469 528 635 569 Graecis
659 528 786 568 libere
804 540 1004 569 summam
1020 528 1303 570 concedebant
1322 524 1471 569 artium

145 604 187 642 et
212 601 440 644 litterarum
469 602 663 652 gloriam,
706 601 784 643 sibi
811 602 912 654 ipsis
948 601 1194 654 reipublicae
1222 602 1372 654 optime
1399 603 1472 642 ad-

144 675 440 715 ministrandae
488 676 759 725 cognitionem
808 675 1050 715 tribuebant.
1124 674 1262 728 Itaque
1307 675 1471 715 Cicero:

143 746 363 796 „Graecia,
389 748 532 799 inquit,
558 760 632 788 nos
661 752 748 788 arte
778 752 818 788 et
848 749 955 787 omni
985 748 1212 788 litterarum
1240 761 1383 798 genere
1403 761 1471 793 squ-

144 820 337 871 perabat,
377 822 447 861 sed
474 832 605 860 mores
634 825 674 861 et
699 821 886 860 instituta
922 821 1029 860 vitae
1058 833 1201 873 resque
1229 822 1471 863 domestieas

147 904 194 933 ae
222 894 447 936 familiares
475 907 548 934 nos
576 894 757 946 profecto
779 898 819 933 et
840 893 983 933 melius
1012 898 1170 934 tuemur
1198 899 1238 934 et
1263 894 1472 946 lautius.¹)

207 1000 209 1003 ,
254 966 341 1014 Qua
370 967 627 1019 potissimum
666 967 819 1017 ingenii
854 966 988 1006 indole
1026 967 1179 1008 factum
1216 971 1297 1015 est,
1351 972 1472 1011 utne

145 1040 353 1084 Ciceronis
400 1041 563 1093 quidem
611 1043 746 1080 aetate
790 1040 949 1079 litterae
1000 1044 1038 1080 et
1085 1042 1300 1093 praecipue
1339 1041 1474 1093 poesis

149 1114 293 1164 magni
319 1114 565 1155 haberentur
593 1126 618 1153 a
644 1114 859 1162 Roma'nis;
886 1114 1008 1153 immo
1038 1115 1176 1154 Cicero
1200 1116 1300 1166 ipse,
1329 1127 1471 1165 quam-

146 1199 271 1239 quam
300 1187 521 1227 acerrimus
549 1187 778 1228 litterarum
805 1188 960 1235 fautor,
999 1187 1143 1239 poesin
1167 1188 1220 1227 ad
1245 1187 1472 1236 „leviorum

152 1261 304 1301 artium
325 1261 539 1300 'studium“
580 1263 759 1300 revocat.
775 1264 814 1299 et
840 1260 1067 1310 ubieunque
1094 1259 1250 1299 litteras
1279 1259 1472 1300 Romanis

147 1334 433 1375 commendare
471 1333 628 1381 studet,
668 1345 807 1373 earum
843 1332 1062 1372 utilitatem
1107 1333 1273 1384 respicit
1290 1333 1335 1380 ²).
1390 1334 1472 1377 Sed

147 1406 385 1446 antelmius
415 1408 591 1445 aetatem
618 1406 753 1457 poesis
782 1417 949 1456 prorsus
985 1405 1317 1446 contemnebatur
1345 1409 1386 1444 et
1414 1406 1471 1445 ei-

146 1479 210 1518 vis
237 1477 410 1519 Romani
439 1479 640 1528 gravitate
669 1482 708 1519 et
736 1479 883 1518 virtute
904 1479 1070 1528 indigna
1087 1478 1321 1518 habebatur.
1352 1478 1474 1518 Cuius

229 1668 265 1707 1)
290 1668 358 1699 cie.
383 1668 477 1699 ruse.
500 1669 527 1705 Ι,
553 1664 584 1700 1'.
600 1651 694 1699 '2.—-
726 1667 867 1708 Egregie
891 1668 922 1698 in
948 1668 1027 1698 hauc
1052 1668 1241 1699 sententiam
1264 1666 1342 1699 dicit
1367 1667 1469 1708 Verg.

143 1729 227 1762 Aen.
252 1725 309 1769 v'1‚'
332 1740 361 1763 v.
386 1729 461 1764 848.
1255 1724 1258 1725 ⁷

334 1793 504 1825 Excudent
527 1792 582 1825 alii
596 1793 762 1834 »spirantia
787 1786 916 1824 'mollius
939 1801 1025 1830 aera,

336 1855 439 1888 Credo
463 1854 621 1897 equidem,
647 1855 740 1888 vivos
763 1854 879 1887 ducent
901 1854 949 1885 de
963 1863 1121 1889 marmore
1145 1854 1252 1888 vultus

337 1918 497 1961 (Ji-abunt,
508 1925 633 1961 causas·
644 1917 770 1961 melius,
796 1917 939 1960 coelique
958 1919 1086 1949 meatus

335 1980 532 2022 ‘Describent
555 1979 646 2022 radio
669 1983 701 2013 et
724 1970 894 2020 surgentia
913 1979 1019 2011 sidera
1043 1979 1173 2020 dicent3

337 2043 384 2075 Tu
406 2029 521 2084 regrere
543 2043 681 2085 imperio
703 2043 851 2088 populos,
877 2030 1030 2083 Romane,
1055 2042 1233 2076 momento!

292 2115 305 2127 ³
336 2099 407 2138 Hae
432 2107 499 2151 tibi
515 2096 610 2150 erunt
632 2090 719 2149 artes
740 2102 893 2147 pacisque
918 2107 1082 2148 imponere
1106 2104 1238 2144 morem,

322 2168 477 2202 *Parcere
504 2167 658 2201 subiectis
683 2172 715 2202 et
737 2167 899 2201 debellare
924 2166 1094 2209 superbos.

144 2232 188 2264 cf.
211 2232 309 2264 etiam
332 2233 485 2274 Propert.
510 2233 565 2273 IV,
585 2232 639 2264 21.
662 2232 725 2274 223
766 2220 854 2265 rPlin.
879 2232 920 2264 H.
947 2232 987 2264 Ν.
1011 2229 1105 2271 XXV,
1129 2232 1151 2264 2
1172 2235 1216 2271 et,
1261 2233 1314 2273 qui
1340 2233 1473 2264 nimium

142 2295 203 2327 hoc
226 2294 379 2327 utilitatis
402 2294 543 2326 studium
567 2295 743 2336 vituperat,
770 2295 851 2326 Hor.
876 2297 939 2327 Ars
961 2297 1048 2336 poet.
1073 2294 1136 2327 323
1158 2304 1226 2337 sqq.
1250 2294 1311 2335 Ep.
1338 2297 1362 2333 Ι,
1378 2294 1474 2334 1.53.

144 2359 186 2399 11,
212 2359 242 2391 1.
268 2358 345 2391 103.

228 2434 264 2475 2)
290 2433 330 2464 cf.
357 2433 450 2465 Brut.
475 2433 506 2473 1,
529 2434 559 2466 3.
586 2433 637 2481 ¹3³.
666 2432 717 2473 703
743 2432 780 2463 de
804 2432 856 2464 fin.
882 2433 954 2465 bon.
980 2435 1011 2463 et
1034 2431 1176 2468 mal..11‚
1201 2431 1252 2463 33.
