1718 2859
727 240 778 247 ..
859 217 912 267 57
993 239 1040 246 .-

233 321 372 362 latinis
401 322 547 371 litteris
572 322 856 368 illustratum‚“
884 324 979 363 etin
1005 323 1135 376 primo
1160 322 1209 362 de
1237 320 1395 372 legibus
1423 321 1550 362 libro:

234 395 432 455 ‚gSisenna
457 408 594 436 omnes
622 395 752 436 adhuc
779 400 939 436 nostros
966 397 1198 448 scriptores,
1228 384 1306 435 n'isi
1333 394 1452 443 forte,
1482 396 1551 448 qui

233 469 413 509 nondum
440 470 660 513 ediderunt.
688 470 737 510 de
766 468 908 521 quibus
937 469 1172 510 existimare
1200 463 1279 508 non
1319 481 1550 521 possumus.

183 587 185 590 ,
234 542 352 597 facile
380 543 597 596 superavit.
627 543 664 583 Is
692 547 827 584 tamen
856 547 1132 596 nequeorator
1160 543 1201 583 in
1219 555 1382 583 numero
1412 547 1548 584 vestro

237 630 413 669 unquam
441 621 502 657 est
529 617 690 657 habitus
718 621 759 656 et
785 617 826 656 in
853 617 1021 657 historia
1047 616 1200 668 puerile
1229 617 1421 668 quiddam
1449 629 1549 656 con·

235 692 451 730 sectatur.“
506 689 605 729 Erat
624 677 768 739 igitur,
798 690 903 741 quod
931 690 973 728 in
1000 689 1175 729 dictione
1195 689 1280 728 eius
1309 688 1550 741 reprehendi

232 766 391 814 posset;
421 763 515 814 quid
544 774 637 800 vero
666 761 765 800 illud
793 760 915 800 fuerit
950 774 970 800 0
1006 761 1395 809 Ciceronisverbis,
1446 775 1551 814 quae

234 836 276 875 111
299 835 423 875 Bruto
454 834 532 886 (cp.
562 834 634 885 74)
664 833 853 883 leguntur
880 834 1030 886 optime
1058 845 1177 885 posse
1205 834 1396 884 cognosci
1438 838 1549 887 puto.

235 910 404 949 Sisenna
433 908 540 947 enim
568 911 677 946 recte
717 906 827 958 loqui
864 906 1035 958 putabat
1062 905 1161 945 nihil
1189 918 1276 946 esse
1312 907 1391 946 nisi
1427 907 1551 947 inusi-

237 968 321 1027 tate
348 981 468 1034 loqui,
497 992 574 1033 quo
602 980 756 1019 factum
783 982 858 1028 est,
886 982 931 1018 ut
959 979 1172 1019 emendare
1208 990 1431 1019 sermonem
1467 982 1551 1021 usi·
1611 1026 1614 1028 ,

234 1059 366 1094 tatum
403 1054 581 1092 animum
609 1053 827 1091 induceret.
885 1053 984 1092 Cum
1021 1052 1144 1101 igitur
1181 1056 1392 1103 pervetera
1420 1057 1461 1092 et
1488 1054 1550 1093 in-

233 1127 385 1167 usitata
422 1124 673 1176 conquireret
714 1124 836 1163 verba
856 1124 888 1173 ¹)
935 1137 1059 1176 eaque
1095 1125 1136 1164 in
1176 1125 1423 1165 orationibus
1462 1129 1548 1166 tam

235 1199 379 1240 crebre
409 1197 637 1245 adhiberet,
672 1201 717 1236 ut
745 1209 900 1244 eorum,
942 1198 1009 1248 qui
1047 1198 1275 1246 audiebant,
1307 1199 1434 1239 risum
1461 1212 1548 1238 mo-

231 1276 354 1321 veret,
384 1271 548 1312 dubium
578 1281 670 1310 esse>
695 1282 774 1310 non
802 1273 955 1322 potest,
994 1270 1088 1321 quin
1116 1271 1157 1310 in
1185 1270 1356 1311 historia
1392 1283 1549 1324 quoque

231 1344 521 1385 conscribenda
561 1344 610 1382 iis
657 1344 710 1382 sit
743 1352 859 1381 ²usus.
917 1343 1037 1382 Cuius
1083 1344 1141 1382 rei
1186 1344 1418 1383 testimonia
1455 1348 1550 1384 sunt

232 1420 473 1466 fragmenta,
502 1428 671 1467 quorum
698 1415 871 1467 plurima
906 1419 1067 1455 servata
1095 1415 1211 1455 nobis
1254 1420 1351 1456 sunt
1390 1428 1414 1456 a
1449 1418 1547 1457 viris

182 1509 184 1511 ·
228 1490 325 1537 illis,
356 1490 423 1542 qui
450 1492 660 1542 pervetera
688 1491 807 1540 atque
835 1488 1029 1527 inusitata
1056 1488 1179 1527 verba
1207 1488 1468 1539 colligebant;
1498 1503 1548 1530 ex

230 1565 280 1605 iis
309 1563 428 1603 simul
456 1565 626 1615 apparet
654 1562 862 1602 Sisennam
893 1562 1007 1601 suavi
1035 1561 1247 1601 verborum
1269 1576 1434 1603 numero
1458 1565 1547 1611 fere

231 1651 310 1677 non
337 1636 550 1676 studuisse.

338 1710 449 1756 Quae
477 1709 526 1748 de
556 1707 757 1747 nonnullis
788 1708 991 1748 annalium
1020 1708 1283 1761 scriptoribus
1312 1709 1393 1749 iam
1409 1710 1547 1762 dispu-

199 1793 201 1795 ’
228 1784 402 1824 tavimus
432 1794 540 1829 cum,
576 1781 671 1833 quin
700 1781 751 1820 ad
790 1793 926 1821 omnes
961 1782 1199 1829 referamus,
1244 1781 1341 1821 nihil
1370 1796 1442 1823 nos
1471 1784 1545 1823 im-

230 1857 389 1908 pediat,
430 1856 472 1894 in
500 1854 664 1893 dubium
701 1855 837 1893 vocari
873 1867 952 1892 non
980 1859 1130 1905 potest,
1159 1866 1271 1901 eam,
1309 1866 1388 1905 qua
1416 1857 1456 1894 in
1485 1857 1545 1895 hi-

232 1929 368 1969 storiis
412 1926 710 1968 conscribendis
746 1927 809 1965 usi
846 1927 945 1974 sint,
994 1927 1210 1967 dictionem
1244 1928 1385 1967 rudem
1424 1932 1545 1982 atque

228 2002 453 2055 impolitam
480 2001 618 2041 fuisse.
677 2050 692 2066 .

337 2076 417 2116 Sed
463 2076 545 2115 iam
587 2075 635 2114 de
681 2074 972 2125 antiquissimis
1026 2073 1294 2113 Romanorum
1339 2075 1545 2117 historicis

232 2150 478 2188 sententiam
505 2148 683 2187 feramus
710 2158 872 2186 necesse
901 2150 974 2185 est.
1020 2146 1131 2193 Quod
1161 2151 1204 2186 ut
1231 2147 1305 2186 rite
1333 2148 1543 2197 faciamus,

313 2337 346 2376 1)
372 2335 438 2367 Cic.
463 2335 556 2366 Brut.
581 2335 621 2367 75
645 2334 855 2375 „sputamina
882 2335 1063 2371 crimina“;
1086 2336 1176 2367 cuius
1199 2337 1325 2376 generis
1348 2337 1443 2367 verba
1468 2346 1544 2377 por-

227 2397 323 2430 multa
350 2399 380 2429 in
405 2399 592 2438 fragmentis
616 2398 814 2430 invenimus:
851 2398 891 2428 cr.
917 2398 1032 2438 fragm.
1058 2409 1074 2430 a
1098 2400 1218 2440 Popma
1253 2398 1388 2430 collecta
1413 2403 1445 2431 et
1470 2400 1541 2430 Sal-

228 2459 323 2491 lustio
348 2459 415 2501 (ed.
442 2460 714 2501 Haverkampius)
740 2459 846 2491 addito
869 2470 942 2501 pag.
968 2460 1030 2493 371
1055 2462 1242 2502 .,euixim‚“
1277 2471 1312 2503 p.
1335 2461 1398 2494 372
1421 2471 1540 2503 „prac-

226 2523 439 2560 festhmtinffl,
465 2533 498 2563 p.
522 2523 585 2555 373
609 2522 809 2561 „vellicatim
833 2526 863 2555 et
888 2523 1087 2556 saltuatim“.
