1718 2859
649 162 706 200 —-
782 139 832 179 52
917 162 964 171 ..-

148 244 340 288 arbitror,
370 247 415 284 ut
444 244 493 284 de
512 242 684 285 ‘Romuli
711 245 796 284 vita
825 249 943 297 atque
981 242 1161 284 moribus
1204 245 1474 298 scripserit,')

105 331 109 335 ’
147 321 192 357 ut
219 317 558 368 tranquillitatem
587 317 940 370 securitatemque,
969 329 1091 369 quam
1121 318 1266 357 civitas
1279 322 1474 371 tempori-

149 390 223 431 bus
253 390 313 429 ve]
343 390 587 431 tristissimis
616 394 833 437 servasset,
864 391 1111 443 exposuerit,
1141 393 1188 430 ut·
1215 392 1356 443 qua-nti
1384 405 1473 431 ma-

149 463 255 502 iores
286 461 576 512 agriculturam
603 462 795 502 fecissent
824 467 1095 516 quantamque
1122 464 1165 502 in
1193 475 1241 503 ea
1255 476 1471 517 consump-

151 537 301 575 sissent
326 546 503 588 operam,
532 536 754 575 ostenderit
777 535 824 587 ²).
882 536 1068 576 Omnium
1097 536 1472 588 autemmalorum,

154 610 300 662 quibus
330 614 443 650 aetas
473 621 548 649 sua
573 613 847 661 premeretur,
893 616 1058 649 eausam
1097 611 1334 662 'primariam
1383 623 1474 652 cum

151 685 316 723 duceret
344 683 570 730 luxuriam,
628 695 705 735 quo
734 680 915 734 tempore
945 686 983 721 et
1011 684 1116 722 unde
1153 695 1201 723 ea
1243 685 1285 723 in
1313 684 1474 724 Italiam

150 757 324 813 primum
352 757 514 799 invecta
543 760 662 804 esset,
686 756 887 808 prodidit,
926 768 1094 808 eamque
1132 759 1349 809 reprimere
1386 761 1471 797 stu-

150 830 250 869 duit.
268 831 300 881 3)
357 829 485 868 Simul
514 841 605 868 cum
639 824 802 868 luxuria
845 828 1133 877 ambitionem,
1179 830 1328 882 quippe
1372 842 1475 882 quae

142 902 340 945 cummilla
369 904 455 942 arte
486 902 701 944 coniuncta
728 902 792 949 sit,
823 902 1015 941 acerrime
1054 902 1308 954 impugnavit
1336 914 1475 942 exem-

150 975 308 1027 plisque
341 974 488 1022 docuit,
518 978 670 1026 quanta
699 987 796 1014 eura
824 976 1003 1014 maiores
1028 987 1114 1015 eam
1155 975 1349 1027 repellere
1388 980 1473 1021 stu-

151 1049 346 1089 (luissent.
360 1048 395 1096 ⁴)
423 1046 577 1087 Eodem
606 1047 772 1087 oonsilio
800 1060 864 1087 res
903 1049 1122 1087 memoriae
1158 1049 1375 1088 tradendas
1420 1049 1472 1089 ab
1533 1055 1536 1056 ’

153 1122 243 1162 aliis
275 1121 454 1161 eiusdem
483 1121 641 1170 generis
671 1120 936 1173 scriptoribus
977 1120 1125 1161 electas
1168 1133 1254 1162 esse
1289 1121 1473 1174 pluribus

152 1194 347 1247 exemplis
377 1194 669 1251 demonstrare.
686 1195 930 1234 omittamus.

238 1267 471 1320 'Reliquum
498 1266 581 1306 iam
610 1269 695 1314 est,
725 1269 770 1306 ut
799 1267 848 1306 de
878 1266 1121 1319 scriptorum
1149 1258 1310 1308 illorum
1338 1267 1486 1325 eleon-7
1533 1254 1535 1256 ‚

152 1342 261 1397 tione
290 1352 421 1392 pauca
451 1340 731 1397 disseramus.¹
768 1339 943 1386 Quorum
969 1340 1121 1390 primos
1151 1339 1307 1395 Graeca
1333 1340 1473 1395 lingua

153 1425 248 1454 usos
280 1424 369 1452 esse
397 1412 479 1470 iam
509 1424 631 1464 supra
660 1412 981 1458 demonstratum
1010 1412 1264 1471 est3Quibus
1293 1413 1342 1469 de
1373 1425 1486 1470 ,cau--

153 1488 208 1528 sis
237 1469 312 1534 boe
340 1487 494 1533 factum
521 1486 575 1525 sit
603 1498 685 1543 non
712 1484 838 1543 plane
858 1486 1102 1542 ignoramus.
1159 1484 1337 1524 Primum
1367 1486 1473 1526 enim

151 1559 252 1601 alios
295 1558 467 1613 populos
495 1558 545 1599 de
573 1557 847 1604 Romanorum
889 1558 1038 1598 virtute
1081 1560 1201 1617 atque
1231 1557 1359 1610 gloria
1382 1553 1474 1607 ‘oen

150 1636 271 1675 tiores
300 1634 433 1677 facere
462 1632 665 1680 volebant,
694 1632 836 1672 deinde
864 1632 1043 1681 linguam
1071 1631 1239 1673 latinam
1267 1632 1488 1689 horridam}

152 1706 268 1767 illam
296 1708 335 1746 et
362 1716 506 1757 parum
535 1703 738 1745 excultam
765 1704 978 1764 continuae
1014 1704 1241 1745 narrationi
1269 1717 1349 1753 non
1372 1717 1474 1763 ¹oon-

153 1780 290 1819 venire
318 1777 530 1832 putabant.
563 1778 691 1824 Quam
718 1777 894 1816 indolem
922 1776 1059 1826 lingua
1086 1777 1215 1824 latina
1242 1778 1284 1816 in
1312 1778 1474 1833 illorum

149 1851 326 1891 virorum
356 1842 543 1903 operibus
570 1861 668 1902 prae
696 1861 739 1889 se
766 1849 864 1897 fert,
910 1849 976 1902 qui
1018 1849 1070 1889 ad
1097 1861 1161 1901 res
1202 1852 1338 1900 gestas
1379 1862 1474 1890 oon-

154 1924 388 1964 scribendas
436 1934 483 1962 ea
521 1922 584 1960 usi
621 1925 727 1980 suunt.
784 1922 922 1974 Itaque
965 1922 1104 1962 Cicero
1154 1924 1342 1975 antiquos
1375 1922 1488 1980 :fl¹0⁸„

151 1997 372 2049 scriptores
401 1995 450 2034 iis
481 1995 730 2053 adnumerat,
762 1995 829 2047 qui
857 1995 942 2034 sine
983 1994 1075 2034 ullis
1112 1996 1358 2040 ornamentis
1387 2008 1475 2055 mo-

101 2076 103 2078 '
149 2072 339 2111 numenta
365 2068 496 2109 solum
515 2072 753 2121 temporum,
781 2066 1001 2115 hominum,
1029 2067 1220 2117 locorum,
1249 2072 1473 2118 gestarum-

235 2227 269 2265 1)
294 2225 378 2256 Gon.
403 2226 443 2256 N.
470 2226 507 2256 A.
532 2224 588 2264 XI,
610 2224 651 2261 14
674 2224 709 2263 (a
732 2224 823 2255 nobis
849 2224 932 2255 iufra
954 2222 1146 2264 laudatum).

234 2288 271 2330 2)
296 2286 383 2320 Pliu.
409 2286 450 2318 ιι.
476 2286 517 2317 Ν.
542 2285 667 2326 xvm,
691 2290 722 2324 8,
748 2289 779 2318 2.
1128 2271 1130 2273 ’

233 2351 270 2391 3)
294 2350 368 2383 Liv.
395 2349 534 2389 XXXIX,
559 2349 597 2388 ὓς
621 2347 703 2379 Plin.
729 2348 769 2379 11.
795 2349 832 2379 N.
860 2345 999 2388 XXXIV,
1023 2349 1055 2386 8,
1082 2348 1143 2388 16;
1168 2348 1317 2386 xxxffl,
1347 2349 1397 2381 53.

233 2412 270 2452 4)
295 2411 383 2444 1‘111..
410 2411 451 2440 H.
478 2411 518 2442 N.
543 2410 678 2447 xxxiv,
705 2409 759 2441 14.
