1718 2859
726 87 1039 126 ...9.-

283 222 285 226 ⁴
325 189 401 230 Per
427 191 553 232 multa
570 191 743 232 saecula
781 193 951 233 historia
984 191 1135 232 fabulis
1179 190 1408 243 mythisque
1436 202 1534 249 quos

218 262 438 304 dammodo
488 263 632 304 obruta
667 264 710 305 in
744 268 882 305 vatum
919 263 1126 316 (ἀοιδῶν)
1162 275 1232 305 ore
1269 262 1396 303 fuisse
1430 262 1537 302 inter

221 349 360 377 omnes
387 341 556 378 constat.
613 337 759 377 Graeci
799 341 937 377 autem
976 337 1038 377 his
1080 337 1350 385 carminibus,
1388 327 1535 389 quibus

223 396 391 449 deorum
427 409 547 462 atque
573 410 773 449 maiorum
809 421 971 449 suorum
1009 408 1139 459 gloria
1165 408 1459 457 celebrabatur,
1486 420 1534 448 eo

219 478 411 523 libentius
430 510 432 512 ·
451 495 569 522 aures
610 481 881 534 praebebant,
937 494 1017 533 quo
1055 482 1184 531 magis
1221 469 1366 533 cupido
1401 493 1536 520 rerum

219 555 448 607 priscarum
477 555 847 606 cognoscendarum
877 554 1014 594 crevit.
1068 554 1149 595 Sed
1185 566 1277 595 cum
1304 553 1537 607 respublica

218 629 350 679 magis
388 629 597 680 magisque
642 628 913 668 effloresceret
950 632 1071 679 atque
1113 628 1299 668 doctrina
1339 629 1535 669 maiorem

195 713 240 740 ·e
267 701 407 750 lingua
433 699 674 740 facilitatem
699 704 890 748 sumeret,
919 700 1070 739 sensim
1095 703 1252 740 mutata
1279 704 1341 740 est
1355 700 1420 740 hic
1437 701 1535 740 sim-

218 772 314 825 plex
342 774 560 813 memoriae
587 774 809 813 tradendae
836 785 935 812 mos.
962 772 1025 812 Ex
1037 784 1186 812 oceano
1214 772 1297 820 illo,
1324 773 1393 824 qui
1409 785 1535 825 aquas

219 845 397 897 undique
425 844 617 885 collectas
645 848 741 885 tunc
772 846 989 893 continuit,
1024 844 1203 894 singulos
1228 845 1336 885 rivos
1363 841 1535 885 rivulos‘-

220 930 298 970 que
340 917 583 957 derivabant
620 923 662 958 et
696 919 878 971 quamvis
913 918 1028 957 illum
1065 920 1222 970 patrem
1259 921 1300 958 et
1328 921 1535 958 auctorem

217 991 395 1031 emnium
421 1003 580 1043 semper
606 990 811 1040 colerent,
850 991 911 1030 his
955 1003 1110 1043 quoque
1149 1003 1266 1030 suum
1303 991 1535 1032 tribuebant

220 1063 427 1104 honorem.
455 1063 742 1114 Intelligebant
770 1066 875 1104 enim
905 1076 994 1104 cum
1022 1076 1086 1103 res
1112 1068 1300 1116 artesque
1327 1077 1466 1104 omnes
1493 1066 1536 1104 in

163 1127 165 1129 ’
219 1137 334 1190 poesi
363 1137 480 1189 epica
514 1137 755 1178 indiscretas
791 1138 992 1186 iacerent,
1035 1148 1135 1189 opus
1174 1149 1283 1186 esse,
1322 1141 1367 1178 ut
1394 1139 1535 1191 poesin

202 1210 267 1267 ab
304 1209 395 1249 aliis
424 1210 652 1262 disciplinis
682 1211 937 1259 seiungerent
964 1214 1004 1249 et
1032 1222 1148 1249 suum
1176 1211 1319 1262 cuique
1343 1211 1535 1261 adsigna-

215 1286 307 1323 rent
336 1282 484 1323 locum.
514 1283 715 1332 Quantum
744 1283 796 1323 ad
824 1283 1058 1332 historiam,
1088 1295 1138 1323 ex
1164 1283 1240 1324 hac
1268 1284 1418 1334 ingenii
1445 1297 1533 1324 mu-

214 1351 367 1396 tatione
394 1357 437 1395 id
464 1357 678 1408 processit,
705 1360 750 1396 ut
776 1356 958 1395 nonnulli
984 1361 1129 1408 poetae
1157 1358 1304 1396 omisso
1326 1359 1409 1397 fere
1424 1358 1533 1397 omui

214 1432 359 1469 ornatu
396 1414 556 1481 poetico
596 1428 716 1468 rebus
763 1430 888 1479 gestis
936 1430 1127 1469 canendis
1168 1442 1333 1483 operam
1376 1430 1532 1470 darent.

213 1503 320 1550 Quos
348 1506 389 1541 et
416 1503 574 1554 antiqui
603 1506 644 1541 et
669 1503 921 1542 recentiores
949 1503 1195 1554 cyclicorum
1222 1506 1432 1555 poetarum
1460 1516 1532 1542 no-

162 1595 165 1597 ·
213 1575 320 1616 mine
349 1575 685 1627 comprehendere
713 1575 858 1634 solent.
888 1575 1141 1616 Tractabant
1160 1579 1297 1616 autem
1321 1575 1360 1616 hi
1388 1579 1533 1628 poetae

214 1633 371 1690 omnem
415 1648 643 1688 fabularum
684 1653 724 1689 et
759 1649 1019 1689 historiarum
1063 1649 1200 1689 orbem
1227 1650 1369 1690 eodem
1396 1650 1540 1694 modo,

212 1734 290 1774 quo
320 1725 361 1761 et
387 1733 413 1760 a
437 1721 641 1773 prioribus
684 1722 812 1774 poetis
855 1735 946 1761 eum
974 1726 1215 1774 acceperant
1241 1726 1282 1762 et
1309 1721 1419 1772 vulgi
1447 1735 1532 1762 me-

210 1796 342 1835 moria
368 1799 632 1847 perceperant
644 1796 689 1845 ¹).
745 1794 919 1834 Evanuit
962 1796 1111 1835 sensim
1149 1796 1207 1835 vis
1242 1794 1315 1834 illa
1354 1795 1529 1847 poetica,

210 1953 288 1985 bant
310 1951 388 1994 (τὴν
412 1952 479 1997 ’γὰρ
501 1952 613 1991 ἀειδῆ-ι
636 1953 769 1988 μᾶλλον
790 1946 998 1984 {marmioun
1022 1947 1290 1996 ἄνθραποι,ἧ’τις
1309 1951 1528 1983 cimae-armen

210 2014 359 2055 νεωτᾶτη
384 2014 642 2055 ἀμφιπέληται,
668 2013 727 2046 Od.
752 2014 779 2046 1.
801 2013 863 2047 351
887 2014 927 2047 cs.
952 2015 1047 2045 etiam
1071 2014 1143 2055 3⁸25,
1166 2013 1240 2053 339,
1265 2013 1529 2054 Vlll,472sqq.)

211 2078 315 2109 Vates
331 2080 434 2108 autem
457 2078 640 2108 excitantur
662 2087 678 2107 a
703 2076 805 2109 Musis
828 2076 905 2114 (Οά.
932 2077 1019 2117 vlu,
1043 2077 1115 2117 73),
1142 2087 1273 2118 quarum
1297 2077 1466 2116 proprium
1480 2079 1530 2107 cet

210 2141 316 2172 omnia
340 2142 489 2172 accuralo
512 2140 617 2173 scire:
642 2137 713 2174 ἴστε
738 2153 772 2173 τε
790 2138 922 2177 πάντα,
958 2140 1052 2182 ἡμεῖς
1077 2140 1110 2172 δὲ
1136 2139 1235 2179 κλέος
1266 2136 1335 2173 οἷον
1359 2137 1526 2179 ἀκούομεν

212 2202 289 2236 ε’.)ὃὲ
314 2218 346 2235 τι
363 2200 455 2243 ἷὸμευ
484 2202 537 2240 (Il.
565 2203 609 2238 ΙΙ.
635 2202 726 2242 481).

296 2264 332 2306 1)
358 2265 459 2305 Quam
481 2265 523 2297 ob
545 2273 612 2297 rem
637 2266 698 2296 iam
723 2266 761 2296 ab
784 2264 923 2306 antiquis
955 2264 1159 2306 appellantur
1191 2264 1326 2302 ποιηταὶ
1359 2261 1530 2308 ἱστορικοί

210 2325 261 2358 vel
286 2324 316 2359 οἱ
338 2327 378 2359 τὰ
404 2325 539 2371 Κύπρια
565 2327 848 2372 συγγράψαντες,
874 2328 1014 2367 scriptor
1036 2327 1175 2369 cyclicus
1200 2328 1296 2368 (Hor.
1308 2327 1347 2358 A.
1367 2327 1434 2366 R).
1460 2328 1526 2358 Lo-

210 2398 266 2421 cus
287 2388 464 2430 palmarius
487 2392 590 2422 aulem
614 2389 652 2421 de
675 2388 867 2431 cyclicorum
901 2390 1096 2421 carminibus
1130 2392 1177 2422 cst
1213 2389 1341 2422 Procli:
1372 2388 1466 2433 λέγει
1491 2389 1525 2422 δὲ
