1718 2859
273 457 451 490 Pulchrum
478 460 530 488 est
553 457 630 486 bene
654 456 761 486 facere
783 455 831 485 rei
855 451 1027 493 publica-23
1072 452 1167 482 etiam
1191 451 1271 481 bene
1293 450 1401 480 dicere
1423 447 1509 480 haud

189 510 359 552 absurdum
382 512 451 549 est3
495 508 547 539 vel
569 517 647 548 pace
671 506 721 538 vel
743 505 829 537 bello
862 504 985 535 clarum
1016 502 1087 534 fieri
1117 502 1195 533 licet
1218 504 1251 532 et
1273 502 1326 543 qui
1349 501 1455 532 fecere
1478 502 1510 531 et

189 563 241 603 qui
266 563 348 594 sacia
372 561 508 593 aliorum
530 559 702 601 scripsere,
726 551 817 589 multi
847 555 1029 588 laudantur.
1074 555 1122 586 Ac
1145 554 1223 585 mihi
1246 552 1395 595 quidem,
1426 555 1510 584 tam-

189 614 250 645 etsi
272 614 355 645 haud
379 622 536 654 quaquam
559 620 619 652 par
642 610 745 650 gloria
778 610 925 649 sequitur
953 609 1145 649 scriptorem
1169 609 1201 637 et
1224 609 1364 638 actorem
1387 614 1509 645 rerum,

190 669 292 697 tamea
317 665 488 712 inprimis
510 664 643 696 arduum
670 662 798 694 videtur
821 670 872 693 res
895 664 1003 701 gestas
1026 660 1179 691 scribere.

989 712 1120 744 Sallust.
1145 711 1214 743 Cat:
1239 711 1270 743 3.

193 948 418 1013 Omnibus
446 964 673 1005 hominibus
703 968 847 1004 natura
874 963 1040 1003 insitum
1061 965 1145 1009 est,
1175 973 1239 1001 res
1270 962 1356 1001 sive
1384 951 1511 1001 oculis

191 1041 322 1087 visam,
360 1040 443 1078 sive
485 1030 647 1078 auribus
684 1041 893 1090 perceptas
929 1037 1146 1075 memoriae
1183 1034 1344 1074 tradere
1382 1034 1509 1074 tradi-

191 1100 332 1164 tasque
359 1111 585 1163 ubicunque
614 1111 707 1150 licet
733 1112 879 1150 iterum
908 1110 1131 1160 iterumque
1158 1111 1350 1147 tractare.
1394 1107 1510 1154 Quod

191 1185 369 1225 studium
410 1196 498 1223 cum
538 1184 660 1222 etiam
700 1184 807 1235 apud
851 1186 988 1233 gentes
1029 1194 1147 1233 quam
1176 1181 1351 1220 maxime
1389 1182 1510 1220 rudes

192 1261 311 1309 atque
338 1256 511 1296 incultas
548 1256 810 1302 inveniamus,
839 1256 924 1294 sine
952 1254 1072 1294 dubio
1113 1258 1280 1294 naturae
1308 1253 1510 1294 humanae

191 1331 398 1383 proprium
411 1329 620 1381 perhibere
637 1341 861 1381 possumus.
890 1326 935 1367 In
950 1328 1018 1367 illo
1032 1341 1124 1367 vero
1135 1328 1337 1380 particula
1349 1328 1510 1368 divinae

193 1415 327 1449 aurae,
350 1414 428 1455 qua
442 1403 634 1442 creatoris
653 1403 785 1452 gratia
805 1401 943 1441 donati
962 1413 1112 1449 sumus,
1140 1401 1199 1440 ita
1220 1400 1362 1449 elucet,
1384 1405 1429 1441 ut
1461 1402 1510 1441 de

191 1476 329 1515 divina
356 1476 512 1514 animae
539 1479 701 1514 nostrae
730 1475 883 1524 origine
907 1474 1090 1514 dubitare
1118 1486 1283 1525 prorsus
1311 1476 1365 1513 sit
1382 1476 1508 1514 nefas.

191 1546 343 1589 Pecora
371 1548 532 1599 quidem
559 1559 687 1600 prona
715 1551 834 1600 atque
851 1547 980 1587 ventri
1009 1547 1237 1587 obedientia
1263 1552 1410 1588 natura
1436 1549 1509 1588 fin-

191 1622 252 1660 xit
264 1622 390 1672 iisque
404 1621 582 1670 linguam
600 1621 698 1660 bene
715 1622 931 1659 formatam
945 1621 1128 1669 negavit3
1156 1620 1358 1661 hominem
1374 1625 1508 1660 autem

190 1698 235 1734 ut
263 1694 388 1733 oculis
416 1694 467 1733 ad
499 1694 654 1733 coelum
681 1693 915 1733 intuendum
945 1694 1073 1744 aptis,
1102 1694 1161 1732 ita
1190 1693 1322 1733 animo
1350 1694 1508 1745 lingua-

191 1780 266 1818 que
305 1768 356 1807 ad
392 1779 456 1807 res
495 1767 687 1806 coelestes
733 1767 1007 1817 humanasque
1036 1767 1335 1817 perspiciendas
1373 1769 1508 1819 expri-

189 1841 435 1891 mendasque
464 1840 618 1880 idoneis
646 1841 849 1879 instruxit.
889 1840 947 1879 Ne
972 1841 1095 1889 igitur
1124 1852 1261 1879 eorum
1289 1853 1411 1888 more,
1441 1830 1509 1893 qui

189 1926 255 1953 res
295 1925 431 1952 omnes
460 1916 499 1952 et
536 1912 731 1952 humanas
772 1917 812 1952 et
849 1914 1006 1952 divinas
1051 1925 1075 1951 a
1110 1914 1350 1952 necessitate
1389 1926 1511 1953 caeca

190 1979 391 2040 profectas
428 1997 580 2038 usuque
620 1988 802 2026 excultas
842 1986 1043 2026 obstinato
1082 1987 1214 2026 animo
1253 1988 1509 2036 contendunt,

190 2061 232 2099 in
259 2060 549 2109 investigandis
563 2061 707 2107 causis,
735 2072 837 2110 quae
865 2060 1045 2098 homines
1058 2061 1108 2099 ad
1124 2061 1425 2109 cognoscendas
1445 2074 1511 2100 res

126 2143 129 2145 ’
188 2136 322 2183 gestas
358 2132 614 2184 impulerint,
644 2145 807 2185 operam
824 2135 944 2184 atque
960 2132 1090 2172 oleum
1118 2134 1346 2186 perdamus,
1380 2138 1441 2174 tot
1470 2139 1511 2175 et

190 2206 474 2245 historicorum
486 2210 526 2245 et
539 2190 864 2257 'philosophorum
878 2206 1127 2256 gravissimis
1146 2207 1388 2246 testimoniis
1417 2208 1508 2255 nisi,

191 2278 310 2335 simul
331 2291 422 2318 cum
450 2279 534 2318 vita
561 2291 699 2318 omnes
730 2279 854 2318 animi
888 2278 1104 2318 facultates
1131 2279 1246 2318 nobis
1274 2279 1348 2319 Dei
1378 2282 1511 2330 gratia

189 2351 361 2400 tributas
388 2364 474 2391 esse
495 2353 639 2392 iterum
652 2353 877 2404 iterumque
893 2353 1180 2391 contendimus.
1211 2352 1290 2392 Sed
1314 2352 1423 2394 aliud
1450 2357 1536 2394 est.

189 2424 322 2465 indole
352 2425 413 2465 vel
441 2426 772 2477 praeclarissima
796 2425 1023 2477 praeditum
1051 2438 1151 2472 esse,
1207 2426 1315 2466 aliud
1344 2425 1420 2467 hac
1448 2428 1510 2467 in·

1170 2504 1188 2536 1
1221 2498 1243 2520 ’k
