1718 2859
693 160 1064 201 ...13-

177 302 179 304 ,
229 271 275 307 ut
300 264 447 322 μῦθοι,
476 256 648 320 prorsus>
668 268 887 315 confictae,
915 278 1067 318 neque,
1086 267 1139 305 ut
1170 253 1372 317 ἱστορίαὲ,
1409 260 1550 301 critica

232 341 389 380 ratione
402 340 574 393 probata
589 342 720 380 erant.
750 340 923 387 Quorum
952 343 1088 378 tamen
1115 324 1406 377 vocabulorum
1434 344 1551 374 usum

231 414 346 465 apud*
366 413 468 468 alios
495 413 619 452 alium
648 424 737 452 esse
767 413 886 451 docet
913 412 1194 454 Creuzerus¹>.

339 484 597 537 Logogmphi
625 482 759 534 igitur,
800 495 900 536 quos
929 494 1067 523 omnes
1097 481 1172 522 hoc
1199 480 1287 521 loco
1316 492 1550 521 enumerare

229 557 396 608 longum
422 562 497 605 est,
532 570 606 609 per
634 558 712 596 duo
740 557 825 596 fere
853 555 1018 595 saecula
1054 567 1118 594 res
1149 558 1284 604 gestas
1306 553 1550 593 Graecorum

231 631 482 683 aliorumque
511 629 757 682 populorum
793 628 940 669 litteris
981 627 1334 678 consignaverunt.
1391 626 1552 667 Praeci-

230 716 400 756 puorum
440 703 605 742 nomina
638 700 856 754 Dionysius
884 700 975 741 Hal.
986 699 1025 750 ²)
1063 700 1199 748 affert3
1257 704 1351 740 sunt
1375 700 1461 740 fere
1488 699 1550 740 hi:

231 777 407 816 Cadmus
437 774 641 823 Milesius,
680 773 897 814 Acusilaus
925 774 1121 824 Argivus,
1160 773 1321 814 Charon
1354 772 1551 825 Lampsa-

232 860 366 892 cenus,
392 847 617 886 Hecataeus
645 847 930 903 et·Dionysius
972 846 1140 893 Milesii,
1180 843 1368 885 Xanthus
1402 844 1551 897 Lydus,

234 919 468 961 Hellanicus
507 918 806 971 Mitylenensis,
847 918 1096 970 Pherecydes
1133 918 1296 966 Lerius,
1337 917 1551 958 Damastes

238 991 457 1043 Sigeensis.
486 990 545 1031 De
572 992 666 1032 vitis
693 989 954 1044 moribusque
994 990 1244 1043 singulorum
1271 994 1435 1033 exstant
1460 991 1552 1045 p'er-

238 1078 381 1118 pauca,
408 1077 511 1117 quae
539 1069 692 1105 certam
719 1066 960 1105 sententiam
987 1078 1067 1105 non
1086 1066 1317 1106 admittunt.
1348 1066 1466 1106 Viros
1480 1078 1553 1107 au-

235 1142 319 1178 tem
346 1138 483 1185 fuisse,
512 1142 556 1177 ut
582 1150 655 1190 pro
676 1137 933 1191 *temporibus
961 1137 1058 1186 suis,
1089 1137 1275 1178 doctrina
1296 1142 1416 1190 atque
1443 1137 1552 1179 litte-

236 1212 294 1251 ris
322 1211 510 1258 imbutos,
539 1211 598 1249 ita
625 1210 782 1250 civibus
808 1209 894 1249 suis
922 1214 1112 1262 acceptos
1141 1214 1357 1262 gratosque
1384 1223 1435 1251 ex
1452 1220 1553 1251 non-

238 1284 359 1324 nullis
388 1282 700 1323 narratiunculis
723 1283 926 1323 docemur.
956 1282 1009 1322 Ut
1036 1283 1121 1323 alia
1146 1284 1395 1332 omittamus,
1423 1283 1553 1324 Heca·

237 1360 372 1395 taeum
398 1356 506 1408 apud
535 1368 631 1396 suae
659 1355 804 1396 aetatis
836 1356 1038 1408 principes
1071 1355 1242 1396 multum
1269 1357 1445 1397 'valuisse
1471 1356 1553 1398 He-

237 1422 413 1469 rodotus'
442 1429 705 1479 gravissimus
734 1433 804 1470 'est
841 1427 1036 1481 auct0r2).
1099 1429 1210 1477 Quae
1247 1442 1338 1469 cum
1375 1431 1434 1471 ita
1470 1431 1554 1472 sint

235 1503 360 1541 etiam
382 1515 462 1541 non
490 1506 703 1555 perspecta
729 1504 1039 1555 uniuscuiusque
1062 1503 1159 1552 vita,
1188 1504 1371 1544 veritatis
1399 1504 1554 1544 studio-

236 1587 306 1615 sos
340 1576 432 1615 illos
463 1575 589 1615 fuisse
625 1577 869 1615 contendere
896 1572 1140 1627 possumus,
1184 1577 1425 1627 praesertim
1462 1589 1554 1616 cum

238 1661 356 1688 nemo
383 1651 517 1688 exstet
542 1652 723 1689 veterum
759 1649 1023 1702 scriptorum,
1050 1648 1119 1702 qui
1148 1661 1218 1689 eos
1246 1650 1429 1690 veritatis
1458 1661 1553 1691 con-

238 1722 329 1761 silio
359 1723 602 1773 depravatae
630 1726 785 1772 arguat.
816 1723 1159 1761 Animadvertunt
1184 1733 1283 1761 sane
1309 1722 1369 1761 illi
1397 1726 1553 1763 veteres

239 1795 376 1833 omnia
410 1793 748 1847 logographorum
791 1798 962 1847 peecata
1002 1807 1076 1834 nec
1122 1806 1297 1846 unquam
1335 1807 1383 1834 ea
1417 1798 1555 1846 tegere

238 1868 421 1913 student,
459 1879 511 1906 ex
546 1880 625 1919 quo
661 1871 832 1919 apparet
871 1867 1209 1919 logographorum
1244 1879 1553 1919 operassumma

240 1940 440 1981 industria
467 1939 518 1981 ab
546 1940 596 1981 iis
623 1940 822 1980 recensita
847 1953 947 1981 esse.
987 1940 1095 1989 Quae
1123 1952 1214 1980 cum
1240 1940 1300 1981 ita
1328 1941 1429 1991 sint,
1457 1954 1553 1982 num

240 2015 402 2057 veritati
440 2014 733 2071 sive·*partium
754 2014 903 2054 ‘studio
942 2014 1026 2053 sive
1063 2012 1145 2053 alia
1186 2026 1309 2053 causa
1344 2018 1553 2068 corruptae
1613 2041 1616 2043 -

239 2088 514 2139 pepercissent
537 2087 596 2126 illi
623 2087 760 2126 acerbi
790 2090 911 2138 atque
937 2087 1157 2139 incorrupti
1188 2088 1353 2136 iudices,
1382 2100 1553 2140 quorum

238 2172 261 2199 e
289 2173 453 2207 numero
479 2159 772 2211 Thucydidem,
800 2159 1066 2207 Herodotum,
1102 2159 1337 2211 Dionysium
1364 2160 1454 2200 Hal.
1482 2174 1553 2201 no-

243 2261 310 2268 0—.
316 2263 484 2268 “effi——

326 2338 363 2379 1)
387 2337 446 2370 Die
468 2338 663 2371 historische
684 2337 790 2370 Kunst
812 2337 869 2370 der
892 2336 1054 2371 Grieclien
1076 2348 1109 2381 p.
1137 2338 1196 2371 173
1219 2339 1284 2371 not.
1308 2337 1339 2371 6.

321 2401 359 2441 2)
382 2401 482 2434 ludic.
505 2400 543 2433 de
566 2401 666 2435 nnuc.
688 2411 722 2443 p.
743 2402 808 2435 818
824 2401 874 2435 cd.
889 2401 1018 2434 Reiske.

322 2463 360 2503 3)
384 2465 425 2498 cf.
451 2464 570 2496 Herod.
597 2464 632 2503 V,
655 2463 709 2497 36.
