1718 2859
689 199 1005 239 ...47-

200 303 460 346 storia-iusta
487 303 684 344 conscribi
710 304 869 356 nequit,
906 300 1080 355 praediti
1119 301 1254 340 essent
1291 300 1332 337 et
1373 308 1512 348 super-

200 379 363 418 stitione
391 376 516 416 nimisv
538 376 892 426 obstringerentur.
951 375 1036 422 Quo
1064 373 1217 412 factum
1244 374 1328 420 est,
1366 372 1411 408 ut
1448 368 1516 408 lit-

200 451 306 492 teris.
327 450 531 499 traderent
557 461 816 501 quaecunque
845 451 915 487 aut
930 448 1008 499 ipsi
1037 445 1271 487 verisimilia
1297 443 1514 491 habebant,

202 527 273 563 aut
299 523 512 562 emendare
539 534 621 561 non
647 521 862 568 audebant,
892 520 1075 572 quamvis
1103 519 1145 558 in
1182 517 1417 568 colligendis
1453 517 1515 557 in-

202 596 528 646 vestigandisque
556 594 806 645 antiquitatis
833 593 953 632 rebus
989 593 1135 642 gestis,
1174 590 1372 638 moribus,
1399 589 1515 629 insti-

163 683 166 685 *
203 669 302 708 tutis
343 667 474 706 labori
515 679 596 706 non
631 669 854 718 parcerent.
908 665 1028 705 Cuius
1065 665 1123 704 rei
1159 663 1390 703 testimonia
1425 664 1518 706 sunt

200 739 353 786 laudes,
383 751 483 790 quae
511 739 644 778 studio
672 741 712 777 et
739 737 969 787 diligentiae
997 737 1134 776 eornm
1162 748 1187 775 a
1213 730 1416 776 veteribus
1443 734 1517 774 tri-

205 812 402 859 buuntu1;
430 810 695 860 ‚,diligentes“
724 810 829 849 enim
858 821 977 861 saepe
1005 813 1202 849 vocantur
1231 813 1351 861 atque
1378 807 1518 859 impri-

208 884 285 925 mis
312 884 361 923 de
403 883 554 922 Catone
590 885 753 922 exstant
792 882 968 931 insignia
1008 882 1192 933 Dionysii
1224 877 1373 927 rerba,
1416 875 1520 930 quae

205 959 251 996 ut
276 955 351 995 hoc
378 954 465 994 loco
494 956 718 995 inseramus
746 955 800 993 sit
826 954 967 993 venia.1
971 963 1005 1002 j:
1048 955 1100 993 Οἱ
1129 952 1171 991 δὲ
1198 950 1520 1005 λογιώτατοι-

209 1030 330 1068 ait—
351 1029 433 1066 τῶν
461 1027 671 1082 Ῥωμαίων
701 1026 989 1080 συγγραφέων,
1019 1025 1056 1065 ἐν
1087 1024 1141 1074 οἷς
1171 1024 1255 1065 ἐστι
1285 1022 1461 1078 Πορκιός
1473 1039 1520 1063 τε

208 1098 376 1144 Κάτων,
418 1098 437 1139 o‘
468 1098 541 1148 τὰς
567 1097 832 1152 γενεαλογίας
859 1101 940 1139 τῶν
971 1097 1009 1138 ἐν
1047 1097 1209 1152 Ἰταλίᾳ
1238 1097 1399 1139 πόλεων
1436 1096 1522 1137 ἑπι-

206 1172 448 1228 μελὲστατα
479 1171 722 1226 συναγαγὼν
752 1171 820 1211 καὶ
851 1173 975 1221 Γάιος
1003 1171 1257 1228 Σεμπρόνιος
1294 1170 1362 1210 καὶ
1393 1168 1521 1210 ἄλλοι

207 1244 356 1299 συχνοὶ
386 1246 553 1298 λέγουσι
584 1261 620 1284 κ.
651 1260 690 1285 τ.
719 1245 757 1286 λ.
784 1251 822 1286 et
850 1246 928 1286 alio
958 1246 1044 1285 loco
1065 1246 1099 1295 2)
1137 1247 1186 1285 de
1222 1246 1374 1286 Catone
1401 1245 1521 1284 dicit:

204 1317 431 1373 Ἐπιμελὴς
458 1318 500 1357 δὲ
527 1317 750 1372 γενόμενος,
780 1320 815 1357 εἰ
843 1318 913 1356 καί
940 1333 1001 1366 τις
1029 1315 1157 1366 ἄλλος
1199 1319 1251 1366 εἰς
1285 1314 1361 1371 τὴν
1405 1330 1523 1356 συνα-

210 1390 353 1445 γωγὴν
392 1393 466 1444 τῆς
510 1390 925 1446 α’ρχαιολογουμένης
970 1391 1148 1445 ἱστορίας
1190 1406 1227 1429 κ.
1265 1407 1304 1431 τ.
1342 1390 1380 1431 λ.
1441 1385 1541 1431 Νθσ

208 1470 345 1506 tamen
372 1465 540 1505 ean'dem
567 1452 617 1505 ab
647 1465 829 1505 omnibus
859 1476 996 1505 curam
1024 1468 1143 1517 atque
1172 1464 1423 1516 diligentiam
1450 1465 1524 1505 ad-

211 1539 380 1579 hibitam
408 1552 509 1587 esse,
539 1551 619 1579 non
655 1542 717 1578 est
753 1539 863 1591 quod
901 1551 1147 1579 moneamus.
1202 1539 1269 1579 Sic
1308 1539 1525 1591 Dionysius

211 1612 302 1653 Hal.
319 1612 352 1665 ³)
380 1612 430 1651 de
457 1615 585 1652 morte
613 1612 743 1652 Servii
763 1611 875 1661 ‚Tulli
903 1611 1082 1652 dicturus
1099 1611 1214 1652 Fabii
1241 1612 1527 1663 negligentiam

212 1687 255 1725 in
300 1689 524 1739 temporum
578 1686 877 1737 computatione
925 1685 1133 1735 redarguit
1183 1698 1312 1737 neque
1363 1687 1526 1726 serioris

214 1758 360 1798 aetatis
401 1756 581 1797 historici
623 1756 750 1798 alium
796 1758 866 1798 alii
909 1758 1107 1798 anteferre
1146 1758 1343 1800 dubitant.
1399 1759 1529 1812 Saepe

214 1832 320 1871 enim
356 1830 448 1870 illos
485 1832 702 1882 scriptores
745 1832 850 1871 inter
887 1843 930 1870 se
973 1832 1225 1882 discrepasse
1273 1844 1299 1871 a
1331 1831 1445 1872 Livio
1487 1835 1529 1872 ct

214 1903 407 1955 Dionysio
436 1903 635 1944 docemur.
692 1903 779 1952 Qua
806 1917 857 1945 ex
884 1915 926 1944 re
953 1904 1037 1944 iam
1073 1907 1242 1957 apparet
1278 1908 1407 1946 artem
1449 1905 1528 1946 cri-

212 1977 336 2018 ticam
362 1989 444 2017 non
471 1978 631 2018 omnino
669 1977 719 2017 ab
757 1977 918 2017 illorum
956 1978 1143 2029 operibus
1180 1978 1354 2026 afuisse3
1405 1979 1529 2019 immo

155 2054 162 2061 ‘
213 2050 322 2091 haud
347 2062 439 2091 raro
469 2051 554 2091 eius
581 2051 755 2102 vestigia
781 2051 1015 2104 reperimus.
1071 2051 1180 2099 Quae
1215 2063 1305 2092 cum
1343 2051 1404 2092 ita
1447 2051 1530 2092 sint

215 2137 294 2163 non
316 2123 497 2164 alienum
523 2124 681 2164 videtur
706 2124 899 2164 nonnulla
927 2124 1152 2164 accuratius
1180 2124 1254 2164 hoc
1294 2123 1382 2164 loco
1416 2124 1528 2164 inve-

218 2197 381 2246 stigare.
435 2196 702 2248 Reperiuntur
729 2200 861 2238 autem
889 2196 961 2237 illa
987 2197 1086 2237 artis
1126 2196 1288 2238 criticae
1324 2197 1442 2238 initia
1477 2197 1529 2237 iis

300 2373 336 2411 1)
361 2373 401 2404 cf.
425 2372 464 2404 A.
491 2373 529 2403 n.
554 2383 585 2415 p.
610 2372 670 2413 293
695 2372 762 2405 cic.
788 2375 870 2406 cato
894 2373 940 2409 M.
966 2373 1043 2412 vn,
1068 2374 1122 2414 213
1145 2373 1200 2412 xi,
1225 2373 1277 2406 as.

299 2434 338 2474 2)
361 2435 401 2466 A.
427 2434 455 2465 R
490 2445 522 2475 p.
548 2435 610 2467 187
632 2438 664 2468 et
685 2436 758 2469 217.

224 2514 236 2519 -
302 2496 338 2537 3)
362 2496 401 2528 A.
427 2498 468 2529 R.
495 2507 526 2537 p.
551 2496 623 2530 717.
