1718 2859
713 156 897 197 ...22
979 182 1047 204 —‚

308 259 427 304 Illum
452 272 549 304 vero
579 272 828 310 connexum,
869 263 938 315 qui
966 264 1007 303 in
1035 275 1169 305 rerum
1206 264 1386 316 ipsarum
1416 265 1527 306 simi-

199 335 371 377 litudine
399 345 617 387 earumque
645 336 779 375 causis
808 336 965 387 positus
995 337 1070 382 sit,
1111 336 1317 375 rarissime
1344 336 1386 375 in
1413 335 1527 387 logo-

197 408 444 461 graphorum
471 408 636 461 scriptis
666 419 866 460 apparere
901 409 983 448 iam
1020 421 1066 450 eo
1107 408 1370 459 intelligitur,
1421 411 1527 461 quod

196 482 340 536 paucis
369 480 485 523 libris
514 492 635 534 quam
664 482 887 523 maximum
907 483 1101 534 temporis
1123 483 1301 535 spatium
1325 482 1526 535 complec-v

196 556 401 605 tebantur,
429 556 553 596 immo
583 554 688 595 tales
717 556 840 595 etiam
869 554 995 596 libros
1023 556 1261 608 saepissime
1289 555 1409 596 rebus
1437 570 1525 609 m-y-

196 629 318 671 thicis
344 628 623 681 fabulosisque
659 628 896 681 implebant.
953 628 1091 682 Itaque
1133 629 1232 670 illud
1268 629 1440 670 Tzetzae
1476 631 1526 670 de

195 701 399 743 Hellanici
425 702 660 742 narratione
698 701 836 754 aliqua
879 696 954 751 „01'2
984 700 1096 755 λέγω
1128 702 1169 741 δὲ
1196 700 1273 756 τὴν
1302 703 1472 742 αἰτίαν*
1490 703 1523 752 Ι)

195 776 250 821 ad
279 775 455 830 plurima
479 774 824 828 logographorum
859 776 1012 828 scripta
1050 776 1348 817 accommodari
1375 760 1543 829 potests

194 850 298 891 Cum
324 850 450 899 igitur
476 849 667 888 interiore
696 848 857 888 vinculo
899 860 964 888 res
1006 849 1247 899 coniungere
1284 848 1524 902 logographi

194 936 275 964 non
303 922 514 963 studerent
540 933 667 974 neque
695 922 847 972 ingenii
884 921 1017 962 indole
1045 923 1083 961 id
1113 922 1371 974 perficerent,
1400 935 1524 975 opera

194 1008 335 1037 eorum
362 994 504 1044 solam,
532 998 578 1035 ut
605 995 665 1035 ita
693 995 847 1041 dicam,
876 1007 1008 1034 rerum
1039 999 1256 1045 gestarum,
1283 995 1522 1047 mythorum‚

191 1067 589 1111 narratiuncularum
619 1070 845 1118 congeriem
876 1069 1087 1121 complexa
1103 1073 1207 1109 sunt.
1238 1068 1386 1108 Parum
1415 1070 1522 1109 enim

194 1141 509 1183 considerabant
544 1141 639 1181 τίνα
668 1155 716 1181 τε
757 1140 817 1180 δεῖ
852 1140 1119 1195 παραλαβεῖν
1160 1140 1222 1181 ἐπὶ
1251 1139 1328 1194 τὴν
1358 1140 1544 1196 γραφὴν,

190 1213 439 1271 πράγματα,
470 1212 540 1253 καὶ
570 1215 664 1254 τίνα
693 1213 945 1268 παραλιπεῖν
957 1214 1005 1266 ²),
1036 1216 1107 1254 sed
1121 1216 1164 1254 id
1186 1214 1313 1254 solum
1334 1215 1522 1264 agebant,

189 1294 245 1339 ut,
276 1288 386 1342 quod
411 1288 575 1340 saepius
612 1287 695 1327 iam
732 1287 932 1336 diximus,
972 1298 1232 1339 quaecunque
1261 1300 1281 1327 e
1310 1291 1522 1340 poetarum

189 1362 393 1416 operibus,
422 1372 443 1401 e
471 1360 775 1401 narrationibus
805 1360 1025 1407 hominum,
1055 1372 1075 1399 e
1096 1363 1446 1400 monumentorum
1458 1361 1521 1400 in-

188 1432 479 1488 scriptionibus
509 1433 667 1485 alioque
706 1432 825 1473 modo
866 1435 1141 1485 accepissent,
1184 1433 1388 1474 narrando
1427 1434 1519 1475 red-

187 1509 344 1549 derent.

291 1581 382 1622 Non
419 1580 596 1621 alienum
634 1581 795 1621 videtur
834 1579 908 1621 hoc
946 1579 1034 1620 loco
1082 1579 1256 1620 breviter
1304 1591 1516 1632 exponere,

187 1655 388 1707 quomodo
416 1654 537 1694 rebus
566 1653 847 1704 geographicis
885 1665 1050 1704 operam
1088 1653 1272 1692 dederint
1301 1654 1446 1704 quidve
1475 1654 1517 1693 in

183 1728 237 1768 iis
265 1726 513 1781 profecerint
540 1725 795 1778 logographi.
837 1725 1008 1766 Omnino
1049 1725 1172 1776 igitur
1199 1728 1400 1766 terrarum
1427 1737 1515 1766 ma-

183 1802 370 1854 riumque
413 1799 680 1851 descriptioni
718 1798 809 1839 illos
848 1800 1053 1839 studuisse
1091 1800 1172 1838 iam
1210 1812 1260 1838 ex
1301 1811 1346 1838 eo
1377 1799 1515 1850 colligi

183 1967 345 2000 Charonis
368 1967 600 2008 „Prytanes“,
625 1976 760 2008 quorum
782 1967 870 1998 nulla
894 1971 1022 1998 exstant
1044 1970 1235 2007 fragmenta.
1261 1986 1299 1990 —
1326 1967 1437 2009 Neque
1460 1976 1513 1999 so-

182 2029 248 2062 lum
272 2030 305 2063 iu
328 2019 461 2062 Iunonis
483 2029 627 2072 Argivae
650 2028 706 2062 sed
728 2030 825 2062 etiam
850 2031 881 2062 in
910 2029 1075 2071 Apollinis
1098 2029 1247 2071 Delphici
1281 2030 1401 2073 templo
1425 2030 1517 2062 aliis-

184 2103 245 2135 que
267 2092 350 2126 tales
373 2092 537 2134 catalogos
560 2093 660 2125 fuisse
686 2092 818 2125 Curtius
841 2093 935 2125 docet
957 2092 1105 2133 (Griech.
1131 2092 1248 2125 Gesch.
1262 2095 1288 2134 1,
1311 2093 1419 2134 p.421
1434 2095 1514 2135 ΒΨ).

183 2156 273 2195 Quae
296 2157 402 2187 autem
426 2154 509 2187 idem
533 2156 585 2199 vjir
608 2154 817 2187 doctissimus
840 2155 878 2187 de
901 2165 1024 2187 summo
1058 2164 1169 2188 corum
1200 2158 1359 2188 momento
1383 2139 1454 2188 cum
1477 2155 1516 2187 ad

178 2218 351 2250 historiam
372 2220 439 2248 tum
462 2217 501 2249 ad
523 2215 681 2249 Herodoti
705 2226 787 2257 opus
809 2216 931 2256 adiicit,
956 2227 1019 2250 non
1043 2218 1158 2256 minus,
1185 2227 1277 2259 quam
1300 2217 1362 2249 alia
1386 2217 1424 2249 de
1441 2226 1516 2249 ora-

180 2279 262 2312 culis
284 2279 324 2312 ab
348 2278 466 2312 codem
489 2279 657 2320 ingeniose
685 2278 811 2320 quidem
844 2280 990 2322 exposita
1025 2279 1130 2322 aliqua
1164 2290 1202 2314 ex
1234 2283 1327 2322 parte
1360 2290 1430 2312 csse
1462 2289 1517 2312 re-

179 2342 369 2382 stringenda
392 2343 472 2374 mihi
497 2341 661 2374 videntur.

264 2403 301 2444 1)
326 2403 367 2435 cf,
386 2402 534 2436 Mueller.
559 2404 679 2444 fragm.
706 2403 867 2436 Hellanici
891 2404 946 2437 84.

259 2467 297 2509 2)
321 2466 417 2499 Dion.
443 2465 518 2500 Hal.
545 2476 596 2508 ep.
622 2467 660 2499 ad
689 2468 746 2499 Cn.
772 2467 886 2509 Pomp.
914 2479 945 2510 p.
972 2469 1045 2502 771.
