1718 2859
686 166 1001 207 *49-

181 278 271 314 rent
287 276 330 325 ¹).
358 274 479 315 Recte
509 260 631 325 igitur
665 288 754 316 mea
781 277 942 329 quidem
959 274 1159 316 sententia
1180 273 1273 315 Piso
1303 272 1422 313 rebus
1442 274 1511 314 illa

187 351 316 387 aetate
333 349 460 398 gestis
477 348 529 388 ad
549 349 831 400 antiquitatem
848 348 1171 398 investigandam
1199 346 1392 388 adhibitis
1412 346 1515 386 Tar‹

190 422 320 472 peiam
350 422 516 460 consilio
541 421 786 473 Capitolium
813 422 1038 473 prodidisse
1066 422 1241 471 negavit.
1271 421 1351 460 Sed
1365 432 1507 472 quam-

189 505 306 546 quam
330 493 404 533 hoc
417 494 594 546 aliisque
607 487 799 547 exemplis
821 495 1035 534 edocemur
1052 494 1270 546 scriptores
1285 493 1377 533 illos
1396 493 1504 533 haud

182 580 277 607 raro
306 580 330 606 a
358 567 505 607 fabulis
533 568 748 607 recessisse
778 572 839 615 et,
869 580 970 619 quae
1004 568 1081 606 fide
1124 568 1312 616 digniora
1346 571 1502 615 essent,

186 640 331 680 litteris
359 641 550 679 mandare
579 640 799 679 studuisse:
837 643 972 679 tamen
999 652 1079 679 non
1106 639 1255 691 ubique
1282 639 1324 679 id
1351 640 1503 680 factum

187 726 274 753 esse
302 714 401 752 satis
431 716 599 752 constat.
632 713 733 759 Quid
761 713 907 762 igitur?
953 713 1056 752 Num
1085 713 1276 753 credibile
1305 717 1388 755 est,
1431 726 1501 753 eos

185 785 408 825 inconsulte
449 797 496 824 ae
532 789 679 823 temere
720 785 820 823 alias
866 785 1024 824 fabulas
1061 786 1242 834 integras
1282 787 1501 836 recepisse,

166 858 285 906 'alias
312 858 578 897 immutasse?
609 857 722 905 Quod
752 858 911 909 quidem
940 858 988 897 de
1017 858 1269 915 gravissimis
1302 861 1343 898 et
1377 870 1503 913 ‘prae-

189 931 448 971 stantissimis
467 930 557 970 ,illis
583 930 680 968 viris
709 931 908 969 neminem
946 942 1228 969 concessurum
1266 943 1353 970 esse
1390 935 1498 982 puto.

182 1004 263 1044 Sed
291 1016 379 1043 eum
410 1006 553 1050 certas,
583 1015 681 1054 quas
710 1003 751 1042 in
779 1002 926 1043 fabulis
957 1003 1188 1042 rejiciendis
1217 1003 1280 1043 vel
1302 1004 1499 1056 recipien-

182 1077 244 1116 dis
273 1076 528 1116 adhibuerint
556 1087 712 1119 causas,
741 1088 963 1127 proponere
991 1088 1071 1114 non
1101 1076 1294 1124 audeam,
1338 1078 1496 1117 coniec-

179 1144 295 1189 turae
322 1148 529 1198 indulgere
565 1147 639 1187 hoc
681 1147 768 1187 loco
814 1148 910 1187 mihi
949 1148 1080 1187 liceat.
1137 1147 1237 1188 Puto
1282 1150 1405 1199 igitur
1444 1151 1497 1189 ad

180 1222 272 1261 illas
300 1222 556 1273 potissimum
576 1221 744 1260 fabulas
776 1224 903 1260 artem
933 1220 1114 1260 criticam
1144 1221 1365 1261 adhibitam
1395 1234 1495 1268 esse,
1527 1208 1529 1210 ’

183 1306 285 1346 quae
314 1295 365 1334 ad
395 1295 557 1334 deorum
587 1306 702 1334 sacra
731 1299 851 1346 atque
876 1295 1063 1334 instituta
1088 1295 1220 1334 minus
1234 1296 1495 1347 respicientes

181 1367 392 1406 annalibus
428 1368 642 1415 maximis,
683 1366 800 1405 libris
839 1367 965 1406 sacris
1012 1368 1233 1418 ceterisque
1290 1367 1495 1407 historicis

177 1440 444 1479 monumentis
472 1452 551 1478 non
571 1440 756 1486 traditae,
786 1451 810 1477 a
830 1439 1048 1478 maioribus
1071 1424 1162 1478 sola,v
1172 1440 1282 1479 fama
1303 1444 1493 1491 acceptae

178 1512 326 1551 fuerint
354 1515 472 1563 atque
501 1515 760 1563 propagatae.
818 1511 904 1558 Qua
931 1512 1087 1552 ratione
1116 1511 1298 1551 adhibita
1319 1498 1494 1559 fortasse

179 1597 228 1624 ex
256 1585 393 1637 parvis
434 1588 616 1624 veterum
657 1584 819 1623 illorum
862 1585 1101 1637 scriptorum
1137 1585 1375 1635 fragmentis
1413 1598 1493 1624 non

178 1657 277 1696 nihil
316 1658 367 1697 ad
406 1658 688 1708 investiganda
733 1657 842 1697 illius
885 1658 1029 1697 aetatis
1075 1658 1238 1708 ingenia
1280 1661 1320 1697 et
1359 1670 1493 1698 mores

174 1729 388 1770 lucramur.

282 1803 464 1855 Denique
495 1805 734 1844 sententiam
763 1808 942 1843 nostram
973 1803 1115 1843 afferre
1143 1802 1264 1843 liceat
1282 1804 1396 1843 hanc.
1428 1804 1490 1844 Illi

178 1876 447 1915 Romanorum
475 1878 737 1929 scriptorum,
776 1878 824 1916 de
862 1877 1003 1930 quibus
1031 1877 1129 1916 haee
1157 1880 1218 1916 est
1255 1878 1489 1929 disputatio,

184 1949 366 1988 veritatis
395 1950 526 1988 studio
556 1950 701 1997 dediti,
731 1950 908 1989 fontibus
938 1954 977 1990 et
1004 1950 1273 1988 monumentis
1302 1950 1492 1989 instructi

179 2025 218 2062 et
245 2034 341 2062 suae
371 2023 514 2063 aetatis
552 2022 705 2071 indole,
744 2036 846 2076 quae
890 2024 1143 2063 sacerdotum
1180 2023 1491 2062 narratiunculis

178 2096 264 2135 sine
300 2095 428 2157 ‚dubio
474 2108 516 2135 se
558 2096 802 2148 applicabat,
846 2100 885 2135 et
913 2097 974 2134 sui
1005 2096 1132 2147 ipsius
1171 2096 1319 2144 ingenii
1356 2096 1493 2147 inopia

261 2265 296 2304 1)
319 2265 415 2297 Dion.
438 2264 479 2295 A.
503 2264 544 2295 R.
566 2273 599 2304 p.
624 2264 709 2304 3213
734 2264 896 2299 cttctiam
919 2273 950 2304 p.
976 2263 1036 2295 646
1060 2265 1092 2293 et
1122 2262 1185 2295 653
1216 2261 1269 2294 ubi
1301 2262 1377 2295 Piso
1412 2266 1492 2294 tem-

122 2369 125 2372 ⁴
180 2336 295 2367 porum
317 2327 443 2358 ratione
465 2326 573 2357 habita
598 2326 760 2358 contendit
791 2326 995 2367 Tarquinium
1029 2325 1175 2357 Priscum
1207 2334 1270 2356 non
1300 2324 1384 2356 filios
1413 2325 1493 2356 reli-

176 2389 293 2431 quisse,
319 2388 373 2420 scd
396 2391 548 2430 nepotes,
570 2397 758 2429 quamquam
783 2388 902 2419 Fabius
926 2390 957 2419 et
990 2387 1104 2428 reliqui
1137 2397 1245 2419 omnes
1275 2389 1496 2420 Romanorum

177 2451 352 2492 scriptores
377 2445 438 2482 alia
451 2449 671 2482 tradiderant.

1186 2522 1211 2561 4
