<?xml version="1.0" encoding="UTF-8"?>
<!DOCTYPE html PUBLIC "-//W3C//DTD XHTML 1.0 Transitional//EN"
    "http://www.w3.org/TR/xhtml1/DTD/xhtml1-transitional.dtd">
<html xmlns="http://www.w3.org/1999/xhtml" xml:lang="en" lang="en">
 <head>
  <title>
</title>
<meta http-equiv="Content-Type" content="text/html;charset=utf-8" />
  <meta name='ocr-system' content='tesseract 3.04.00' />
  <meta name='ocr-capabilities' content='ocr_page ocr_carea ocr_par ocr_line ocrx_word'/>
</head>
<body>
  <div class='ocr_page' id='page_1' title='image "4737175_0035.png"; bbox 0 0 1718 2859; ppageno 0'>
   <div class='ocr_carea' id='block_1_1' title="bbox 646 150 1013 192">
    <p class='ocr_par' dir='ltr' id='par_1_1' title="bbox 646 150 1013 192">
     <span class='ocr_line' id='line_1_1' title="bbox 646 150 1013 192; baseline -0.003 -40"><span class='ocrx_word' id='word_1_1' title='bbox 646 150 1013 192; x_wconf 70' lang='lat'><strong>&#39;-27..-</strong></span> 
     </span>
    </p>
   </div>
   <div class='ocr_carea' id='block_1_2' title="bbox 188 256 1511 1333">
    <p class='ocr_par' dir='ltr' id='par_1_2' title="bbox 188 256 1511 1333">
     <span class='ocr_line' id='line_1_2' title="bbox 194 256 1510 311; baseline -0.002 -13"><span class='ocrx_word' id='word_1_2' title='bbox 194 263 312 298; x_wconf 83' lang='lat' dir='ltr'><strong>netur</strong></span> <span class='ocrx_word' id='word_1_3' title='bbox 341 258 469 298; x_wconf 84' lang='lat' dir='ltr'><strong>oratio</strong></span> <span class='ocrx_word' id='word_1_4' title='bbox 498 262 539 298; x_wconf 88' lang='lat' dir='ltr'><strong>et</strong></span> <span class='ocrx_word' id='word_1_5' title='bbox 565 259 659 297; x_wconf 91' lang='lat' dir='ltr'><strong>dum</strong></span> <span class='ocrx_word' id='word_1_6' title='bbox 687 258 948 308; x_wconf 83' lang='lat' dir='ltr'><strong>intelligatur,</strong></span> <span class='ocrx_word' id='word_1_7' title='bbox 978 259 1073 311; x_wconf 91' lang='lat' dir='ltr'><strong>quid</strong></span> <span class='ocrx_word' id='word_1_8' title='bbox 1102 257 1261 305; x_wconf 85' lang='lat' dir='ltr'><strong>dicant,</strong></span> <span class='ocrx_word' id='word_1_9' title='bbox 1299 268 1422 296; x_wconf 85' lang='lat' dir='ltr'><strong>unam</strong></span> <span class='ocrx_word' id='word_1_10' title='bbox 1447 256 1510 296; x_wconf 88' lang='lat' dir='ltr'><strong>di-</strong></span> 
     </span>
     <span class='ocr_line' id='line_1_3' title="bbox 196 328 1511 382; baseline 0 -13"><span class='ocrx_word' id='word_1_11' title='bbox 196 330 314 370; x_wconf 83' lang='lat' dir='ltr'><strong>cendi</strong></span> <span class='ocrx_word' id='word_1_12' title='bbox 342 329 503 370; x_wconf 73' lang='lat' dir='ltr'><strong>laudem</strong></span> <span class='ocrx_word' id='word_1_13' title='bbox 528 334 675 382; x_wconf 85' lang='lat' dir='ltr'><strong>putant</strong></span> <span class='ocrx_word' id='word_1_14' title='bbox 700 342 790 370; x_wconf 87' lang='lat' dir='ltr'><strong>esse</strong></span> <span class='ocrx_word' id='word_1_15' title='bbox 818 330 1100 371; x_wconf 86' lang='lat' dir='ltr'><strong>brevitatem.“</strong></span> <span class='ocrx_word' id='word_1_16' title='bbox 1136 330 1267 377; x_wconf 81' lang='lat' dir='ltr'><strong>Quare</strong></span> <span class='ocrx_word' id='word_1_17' title='bbox 1284 330 1425 370; x_wconf 88' lang='lat' dir='ltr'><strong>Cicero</strong></span> <span class='ocrx_word' id='word_1_18' title='bbox 1451 328 1511 368; x_wconf 88' lang='lat' dir='ltr'><strong>lo-</strong></span> 
     </span>
     <span class='ocr_line' id='line_1_4' title="bbox 197 389 1510 463; baseline 0 -21"><span class='ocrx_word' id='word_1_19' title='bbox 197 401 425 455; x_wconf 85' lang='lat' dir='ltr'><strong>gographos</strong></span> <span class='ocrx_word' id='word_1_20' title='bbox 454 414 545 442; x_wconf 88' lang='lat' dir='ltr'><strong>cum</strong></span> <span class='ocrx_word' id='word_1_21' title='bbox 572 402 779 443; x_wconf 86' lang='lat' dir='ltr'><strong>annalium</strong></span> <span class='ocrx_word' id='word_1_22' title='bbox 809 404 965 444; x_wconf 80' lang='lat' dir='ltr'><strong>confert</strong></span> <span class='ocrx_word' id='word_1_23' title='bbox 1001 402 1289 455; x_wconf 79' lang='lat' dir='ltr'><strong>scriptoribus,</strong></span> <span class='ocrx_word' id='word_1_24' title='bbox 1328 403 1396 455; x_wconf 90' lang='lat' dir='ltr'><strong>qui</strong></span> <span class='ocrx_word' id='word_1_25' title='bbox 1425 389 1510 463; x_wconf 61' lang='lat' dir='ltr'><strong>{iri-</strong></span> 
     </span>
     <span class='ocr_line' id='line_1_5' title="bbox 193 474 1508 528; baseline 0 -13"><span class='ocrx_word' id='word_1_26' title='bbox 193 475 410 517; x_wconf 80' lang='lat' dir='ltr'><strong>mis·urbis</strong></span> <span class='ocrx_word' id='word_1_27' title='bbox 438 475 610 518; x_wconf 86' lang='lat' dir='ltr'><strong>saeculis</strong></span> <span class='ocrx_word' id='word_1_28' title='bbox 638 477 789 517; x_wconf 88' lang='lat' dir='ltr'><strong>Romae</strong></span> <span class='ocrx_word' id='word_1_29' title='bbox 817 477 1059 517; x_wconf 79' lang='lat' dir='ltr'><strong>exstiterunt</strong></span> <span class='ocrx_word' id='word_1_30' title='bbox 1085 480 1126 517; x_wconf 87' lang='lat' dir='ltr'><strong>et</strong></span> <span class='ocrx_word' id='word_1_31' title='bbox 1139 475 1356 528; x_wconf 87' lang='lat' dir='ltr'><strong>Dionysius</strong></span> <span class='ocrx_word' id='word_1_32' title='bbox 1367 475 1459 516; x_wconf 80' lang='lat' dir='ltr'><strong>Hal.</strong></span> <span class='ocrx_word' id='word_1_33' title='bbox 1474 474 1508 528; x_wconf 90' lang='lat'><strong>¹)</strong></span> 
     </span>
     <span class='ocr_line' id='line_1_6' title="bbox 192 545 1509 603; baseline -0.002 -15"><span class='ocrx_word' id='word_1_34' title='bbox 192 551 370 602; x_wconf 83' lang='grc' dir='ltr'>,,σχῆμα</span> <span class='ocrx_word' id='word_1_35' title='bbox 402 548 443 587; x_wconf 75' lang='grc' dir='ltr'><strong>δὲ</strong></span> <span class='ocrx_word' id='word_1_36' title='bbox 469 572 521 579; x_wconf 90' lang='lat'><strong>-—</strong></span> <span class='ocrx_word' id='word_1_37' title='bbox 549 551 668 590; x_wconf 78' lang='lat' dir='ltr'><strong>ait—</strong></span> <span class='ocrx_word' id='word_1_38' title='bbox 696 548 924 603; x_wconf 77' lang='grc' dir='ltr'><strong>ἂποδίδωμι</strong></span> <span class='ocrx_word' id='word_1_39' title='bbox 954 551 1010 603; x_wconf 70' lang='grc' dir='ltr'><strong>τῇ</strong></span> <span class='ocrx_word' id='word_1_40' title='bbox 1035 549 1381 603; x_wconf 74' lang='grc' dir='ltr'><strong><em>πραγματείᾳ...</em></strong></span> <span class='ocrx_word' id='word_1_41' title='bbox 1411 545 1509 588; x_wconf 68' lang='grc' dir='ltr'>οὔτε</span> 
     </span>
     <span class='ocr_line' id='line_1_7' title="bbox 193 618 1510 676; baseline -0.002 -15"><span class='ocrx_word' id='word_1_42' title='bbox 193 624 284 669; x_wconf 81' lang='grc' dir='ltr'>ταῖς</span> <span class='ocrx_word' id='word_1_43' title='bbox 311 623 526 676; x_wconf 73' lang='grc' dir='ltr'><strong><em>χρονικαῖς</em></strong></span> <span class='ocrx_word' id='word_1_44' title='bbox 552 621 868 676; x_wconf 68' lang='grc' dir='ltr'><strong>παραπλήσιον,</strong></span> <span class='ocrx_word' id='word_1_45' title='bbox 898 618 944 670; x_wconf 69' lang='grc' dir='ltr'><strong>ἃς</strong></span> <span class='ocrx_word' id='word_1_46' title='bbox 972 619 1177 670; x_wconf 70' lang='grc' dir='ltr'>ἐξέδωκαν</span> <span class='ocrx_word' id='word_1_47' title='bbox 1206 623 1243 660; x_wconf 84' lang='grc' dir='ltr'><strong>οἱ</strong></span> <span class='ocrx_word' id='word_1_48' title='bbox 1271 618 1344 668; x_wconf 79' lang='grc' dir='ltr'><strong>τὰς</strong></span> <span class='ocrx_word' id='word_1_49' title='bbox 1370 620 1510 659; x_wconf 66' lang='lat' dir='ltr'><strong>&#39;At-91⁰·</strong></span> 
     </span>
     <span class='ocr_line' id='line_1_8' title="bbox 194 692 1507 749; baseline -0.002 -15"><span class='ocrx_word' id='word_1_50' title='bbox 194 695 263 743; x_wconf 82' lang='grc' dir='ltr'><strong>δας</strong></span> <span class='ocrx_word' id='word_1_51' title='bbox 290 692 696 748; x_wconf 68' lang='grc' dir='ltr'><strong>πραγματευόμενοι·</strong></span> <span class='ocrx_word' id='word_1_52' title='bbox 726 694 946 747; x_wconf 73' lang='grc' dir='ltr'><em>μονοειδεῖς</em></span> <span class='ocrx_word' id='word_1_53' title='bbox 972 693 1050 749; x_wconf 74' lang='grc' dir='ltr'><strong>’γὰρ</strong></span> <span class='ocrx_word' id='word_1_54' title='bbox 1081 693 1233 733; x_wconf 74' lang='grc' dir='ltr'>ἐκεῖναί</span> <span class='ocrx_word' id='word_1_55' title='bbox 1260 709 1308 733; x_wconf 85' lang='grc' dir='ltr'><strong>τε</strong></span> <span class='ocrx_word' id='word_1_56' title='bbox 1336 692 1405 732; x_wconf 74' lang='grc' dir='ltr'><strong>καὶ</strong></span> <span class='ocrx_word' id='word_1_57' title='bbox 1434 709 1507 733; x_wconf 82' lang='grc' dir='ltr'><strong>τα-</strong></span> 
     </span>
     <span class='ocr_line' id='line_1_9' title="bbox 190 764 1511 829; baseline -0.001 -22"><span class='ocrx_word' id='word_1_58' title='bbox 190 765 252 821; x_wconf 72' lang='grc' dir='ltr'><strong>χὺ</strong></span> <span class='ocrx_word' id='word_1_59' title='bbox 290 765 607 821; x_wconf 72' lang='grc' dir='ltr'><strong>προςιστάμεναι</strong></span> <span class='ocrx_word' id='word_1_60' title='bbox 648 769 733 829; x_wconf 50' lang='grc' dir='ltr'><strong>Τοῖς</strong></span> <span class='ocrx_word' id='word_1_61' title='bbox 770 764 1042 808; x_wconf 76' lang='grc' dir='ltr'>ἁκούουσιν.“</span> <span class='ocrx_word' id='word_1_62' title='bbox 1096 769 1226 815; x_wconf 82' lang='lat' dir='ltr'><strong>Quam</strong></span> <span class='ocrx_word' id='word_1_63' title='bbox 1268 767 1511 807; x_wconf 79' lang='lat' dir='ltr'><strong>brevitatem</strong></span> 
     </span>
     <span class='ocr_line' id='line_1_10' title="bbox 192 823 1510 894; baseline -0.002 -13"><span class='ocrx_word' id='word_1_64' title='bbox 192 854 482 894; x_wconf 85' lang='lat' dir='ltr'><strong>nonnunquam</strong></span> <span class='ocrx_word' id='word_1_65' title='bbox 508 845 607 882; x_wconf 85' lang='lat' dir='ltr'><strong>nota</strong></span> <span class='ocrx_word' id='word_1_66' title='bbox 643 842 808 892; x_wconf 84' lang='lat' dir='ltr'><strong>dignam</strong></span> <span class='ocrx_word' id='word_1_67' title='bbox 843 842 989 889; x_wconf 83' lang='lat' dir='ltr'><strong>fuisse,</strong></span> <span class='ocrx_word' id='word_1_68' title='bbox 1030 823 1162 881; x_wconf 80' lang='lat' dir='ltr'><strong>adhuc</strong></span> <span class='ocrx_word' id='word_1_69' title='bbox 1194 852 1245 880; x_wconf 83' lang='lat' dir='ltr'><strong>ex</strong></span> <span class='ocrx_word' id='word_1_70' title='bbox 1271 840 1510 890; x_wconf 74' lang='lat' dir='ltr'><strong>fragmentis</strong></span> 
     </span>
     <span class='ocr_line' id='line_1_11' title="bbox 192 904 1510 967; baseline -0.003 -12"><span class='ocrx_word' id='word_1_71' title='bbox 192 918 374 967; x_wconf 86' lang='lat' dir='ltr'><strong>apparet,</strong></span> <span class='ocrx_word' id='word_1_72' title='bbox 402 904 574 967; x_wconf 87' lang='lat' dir='ltr'><strong>quorum</strong></span> <span class='ocrx_word' id='word_1_73' title='bbox 609 915 686 954; x_wconf 90' lang='lat' dir='ltr'><strong>duo</strong></span> <span class='ocrx_word' id='word_1_74' title='bbox 715 914 780 954; x_wconf 89' lang='lat' dir='ltr'><strong>hic</strong></span> <span class='ocrx_word' id='word_1_75' title='bbox 807 914 984 955; x_wconf 81' lang='lat' dir='ltr'><strong>habeant</strong></span> <span class='ocrx_word' id='word_1_76' title='bbox 1018 913 1179 954; x_wconf 80' lang='lat' dir='ltr'><strong>locum=</strong></span> <span class='ocrx_word' id='word_1_77' title='bbox 1239 910 1441 966; x_wconf 80' lang='grc' dir='ltr'>Πακτυὴς</span> <span class='ocrx_word' id='word_1_78' title='bbox 1467 913 1510 951; x_wconf 73' lang='grc' dir='ltr'><strong>δὲ</strong></span> 
     </span>
     <span class='ocr_line' id='line_1_12' title="bbox 190 983 1509 1041; baseline -0.001 -15"><span class='ocrx_word' id='word_1_79' title='bbox 190 984 242 1035; x_wconf 77' lang='grc' dir='ltr'><strong>ὡς</strong></span> <span class='ocrx_word' id='word_1_80' title='bbox 278 983 458 1028; x_wconf 72' lang='grc' dir='ltr'>ἐπύθετο</span> <span class='ocrx_word' id='word_1_81' title='bbox 499 985 827 1041; x_wconf 71' lang='grc' dir='ltr'>προςελαὺιοντα</span> <span class='ocrx_word' id='word_1_82' title='bbox 867 985 939 1028; x_wconf 80' lang='grc' dir='ltr'><strong>τὸν</strong></span> <span class='ocrx_word' id='word_1_83' title='bbox 978 985 1158 1041; x_wconf 80' lang='grc' dir='ltr'><strong>στρατὸν</strong></span> <span class='ocrx_word' id='word_1_84' title='bbox 1196 985 1269 1027; x_wconf 83' lang='grc' dir='ltr'><strong>τὸν</strong></span> <span class='ocrx_word' id='word_1_85' title='bbox 1308 984 1509 1041; x_wconf 77' lang='grc' dir='ltr'><strong>Περσικὸν</strong></span> 
     </span>
     <span class='ocr_line' id='line_1_13' title="bbox 193 1056 1510 1115; baseline -0.001 -16"><span class='ocrx_word' id='word_1_86' title='bbox 193 1058 338 1113; x_wconf 69' lang='grc' dir='ltr'>ιῖἷχετο</span> <span class='ocrx_word' id='word_1_87' title='bbox 367 1056 530 1113; x_wconf 72' lang='grc' dir='ltr'>φεύγων</span> <span class='ocrx_word' id='word_1_88' title='bbox 560 1057 655 1114; x_wconf 77' lang='grc' dir='ltr'><strong><em>ὅῖρτι</em></strong></span> <span class='ocrx_word' id='word_1_89' title='bbox 683 1061 757 1115; x_wconf 72' lang='grc' dir='ltr'><strong>μὲν</strong></span> <span class='ocrx_word' id='word_1_90' title='bbox 787 1061 839 1108; x_wconf 81' lang='grc' dir='ltr'><strong>εἰς</strong></span> <span class='ocrx_word' id='word_1_91' title='bbox 880 1058 1151 1114; x_wconf 74' lang='grc' dir='ltr'><strong><em>Μιτυλήνην,</em></strong></span> <span class='ocrx_word' id='word_1_92' title='bbox 1204 1058 1349 1099; x_wconf 77' lang='grc' dir='ltr'>ἔπειτα</span> <span class='ocrx_word' id='word_1_93' title='bbox 1387 1059 1429 1098; x_wconf 76' lang='grc' dir='ltr'><strong>δὲ</strong></span> <span class='ocrx_word' id='word_1_94' title='bbox 1458 1060 1510 1106; x_wconf 80' lang='grc' dir='ltr'><strong>εἰς</strong></span> 
     </span>
     <span class='ocr_line' id='line_1_14' title="bbox 191 1127 1508 1188; baseline -0.001 -15"><span class='ocrx_word' id='word_1_95' title='bbox 191 1134 312 1173; x_wconf 85' lang='grc' dir='ltr'>Χίον·</span> <span class='ocrx_word' id='word_1_96' title='bbox 353 1131 423 1172; x_wconf 74' lang='grc' dir='ltr'><strong>καὶ</strong></span> <span class='ocrx_word' id='word_1_97' title='bbox 454 1127 586 1173; x_wconf 72' lang='grc' dir='ltr'>αὐτοῦ</span> <span class='ocrx_word' id='word_1_98' title='bbox 616 1131 816 1188; x_wconf 66' lang='grc' dir='ltr'><strong>ἐκράτησε</strong></span> <span class='ocrx_word' id='word_1_99' title='bbox 846 1134 977 1188; x_wconf 79' lang='grc' dir='ltr'>Κῦρος</span> <span class='ocrx_word' id='word_1_100' title='bbox 990 1133 1036 1186; x_wconf 82' lang='lat'><strong>²).</strong></span> <span class='ocrx_word' id='word_1_101' title='bbox 1089 1133 1273 1174; x_wconf 76' lang='lat' dir='ltr'><strong>Alterum</strong></span> <span class='ocrx_word' id='word_1_102' title='bbox 1302 1134 1508 1183; x_wconf 82' lang='lat' dir='ltr'><strong>fragmen-</strong></span> 
     </span>
     <span class='ocr_line' id='line_1_15' title="bbox 189 1205 1509 1258; baseline -0.002 -12"><span class='ocrx_word' id='word_1_103' title='bbox 189 1211 275 1247; x_wconf 92' lang='lat' dir='ltr'><strong>tum</strong></span> <span class='ocrx_word' id='word_1_104' title='bbox 305 1208 355 1247; x_wconf 90' lang='lat' dir='ltr'><strong>de</strong></span> <span class='ocrx_word' id='word_1_105' title='bbox 383 1206 564 1251; x_wconf 85' lang='lat' dir='ltr'><strong>Ionibus,</strong></span> <span class='ocrx_word' id='word_1_106' title='bbox 593 1208 660 1258; x_wconf 86' lang='lat' dir='ltr'><strong>qui</strong></span> <span class='ocrx_word' id='word_1_107' title='bbox 689 1219 714 1246; x_wconf 90' lang='lat' dir='ltr'><strong>a</strong></span> <span class='ocrx_word' id='word_1_108' title='bbox 737 1206 953 1246; x_wconf 82' lang='lat' dir='ltr'><strong>Persarum</strong></span> <span class='ocrx_word' id='word_1_109' title='bbox 973 1219 1066 1256; x_wconf 86' lang='lat' dir='ltr'><strong>rege</strong></span> <span class='ocrx_word' id='word_1_110' title='bbox 1087 1207 1320 1253; x_wconf 80' lang='lat' dir='ltr'><strong>defecerint,</strong></span> <span class='ocrx_word' id='word_1_111' title='bbox 1345 1205 1407 1245; x_wconf 91' lang='lat' dir='ltr'><strong>his</strong></span> <span class='ocrx_word' id='word_1_112' title='bbox 1424 1206 1509 1254; x_wconf 83' lang='lat' dir='ltr'><strong>agit</strong></span> 
     </span>
     <span class='ocr_line' id='line_1_16' title="bbox 188 1275 1508 1333; baseline -0.002 -15"><span class='ocrx_word' id='word_1_113' title='bbox 188 1280 347 1319; x_wconf 73' lang='lat' dir='ltr'><strong>verbisz</strong></span> <span class='ocrx_word' id='word_1_114' title='bbox 379 1278 445 1327; x_wconf 85' lang='lat' dir='ltr'>‚‚&#39;A</span> <span class='ocrx_word' id='word_1_115' title='bbox 455 1279 618 1331; x_wconf 67' lang='grc' dir='ltr'>θηναῖοι</span> <span class='ocrx_word' id='word_1_116' title='bbox 634 1278 676 1317; x_wconf 71' lang='grc' dir='ltr'><strong>δὲ</strong></span> <span class='ocrx_word' id='word_1_117' title='bbox 690 1277 818 1317; x_wconf 80' lang='grc' dir='ltr'>εἴκοσι</span> <span class='ocrx_word' id='word_1_118' title='bbox 841 1280 1049 1333; x_wconf 72' lang='grc' dir='ltr'><strong><em>τριήρεσιν</em></strong></span> <span class='ocrx_word' id='word_1_119' title='bbox 1062 1275 1267 1317; x_wconf 77' lang='grc' dir='ltr'>ἔπλευσαν</span> <span class='ocrx_word' id='word_1_120' title='bbox 1285 1276 1508 1331; x_wconf 77' lang='grc' dir='ltr'>ἐπικουρή-</span> 
     </span>
    </p>
   </div>
   <div class='ocr_carea' id='block_1_3' title="bbox 190 1346 1506 1406">
    <p class='ocr_par' dir='ltr' id='par_1_3' title="bbox 190 1346 1506 1406">
     <span class='ocr_line' id='line_1_17' title="bbox 190 1346 1506 1406; baseline -0.002 -15"><span class='ocrx_word' id='word_1_121' title='bbox 190 1365 327 1400; x_wconf 79' lang='grc' dir='ltr'>σοντες</span> <span class='ocrx_word' id='word_1_122' title='bbox 354 1352 440 1399; x_wconf 81' lang='grc' dir='ltr'><strong>τοῖς</strong></span> <span class='ocrx_word' id='word_1_123' title='bbox 454 1349 569 1391; x_wconf 79' lang='grc' dir='ltr'><strong>Ἴωσι</strong></span> <span class='ocrx_word' id='word_1_124' title='bbox 601 1349 669 1390; x_wconf 76' lang='grc' dir='ltr'><strong>καὶ</strong></span> <span class='ocrx_word' id='word_1_125' title='bbox 699 1346 1290 1406; x_wconf 74' lang='grc' dir='ltr'><strong>ἐἰςΣιίρδειςέστρατεύσαντο·</strong></span> <span class='ocrx_word' id='word_1_126' title='bbox 1310 1347 1506 1389; x_wconf 77' lang='grc' dir='ltr'>καὶεῖλον</span> 
     </span>
    </p>
   </div>
   <div class='ocr_carea' id='block_1_4' title="bbox 121 1422 1505 1478">
    <p class='ocr_par' dir='ltr' id='par_1_4' title="bbox 121 1422 1505 1478">
     <span class='ocr_line' id='line_1_18' title="bbox 121 1422 1505 1478; baseline -0.001 -14"><span class='ocrx_word' id='word_1_127' title='bbox 121 1428 123 1431; x_wconf 81' lang='lat'>&#39;</span> <span class='ocrx_word' id='word_1_128' title='bbox 186 1423 242 1464; x_wconf 78' lang='grc' dir='ltr'><strong>τὰ</strong></span> <span class='ocrx_word' id='word_1_129' title='bbox 270 1422 358 1477; x_wconf 68' lang='grc' dir='ltr'><strong>περὶ</strong></span> <span class='ocrx_word' id='word_1_130' title='bbox 381 1422 552 1477; x_wconf 70' lang='grc' dir='ltr'><strong>Σάρδεις</strong></span> <span class='ocrx_word' id='word_1_131' title='bbox 581 1422 749 1464; x_wconf 74' lang='grc' dir='ltr'>ἅπαντα</span> <span class='ocrx_word' id='word_1_132' title='bbox 762 1422 892 1478; x_wconf 69' lang='grc' dir='ltr'><strong>’χωρὶς</strong></span> <span class='ocrx_word' id='word_1_133' title='bbox 905 1425 1153 1477; x_wconf 78' lang='grc' dir='ltr'>τοῢτείχους</span> <span class='ocrx_word' id='word_1_134' title='bbox 1172 1424 1247 1464; x_wconf 75' lang='grc' dir='ltr'><strong>τοῦ</strong></span> <span class='ocrx_word' id='word_1_135' title='bbox 1263 1423 1505 1475; x_wconf 70' lang='grc' dir='ltr'><strong>βασιληῒου·</strong></span> 
     </span>
    </p>
   </div>
   <div class='ocr_carea' id='block_1_5' title="bbox 187 1496 1508 1767">
    <p class='ocr_par' dir='ltr' id='par_1_5' title="bbox 187 1496 1508 1767">
     <span class='ocr_line' id='line_1_19' title="bbox 188 1496 1508 1552; baseline 0 -15"><span class='ocrx_word' id='word_1_136' title='bbox 188 1498 329 1538; x_wconf 77' lang='grc' dir='ltr'>ταῦτα</span> <span class='ocrx_word' id='word_1_137' title='bbox 360 1497 402 1536; x_wconf 77' lang='grc' dir='ltr'><strong>δὲ</strong></span> <span class='ocrx_word' id='word_1_138' title='bbox 426 1498 672 1548; x_wconf 75' lang='grc' dir='ltr'><strong>ποιήσαντες</strong></span> <span class='ocrx_word' id='word_1_139' title='bbox 701 1496 1045 1552; x_wconf 75' lang='grc' dir='ltr'><strong>ἐπαναχωροῦσιν</strong></span> <span class='ocrx_word' id='word_1_140' title='bbox 1075 1498 1126 1544; x_wconf 82' lang='grc' dir='ltr'><strong>εἰς</strong></span> <span class='ocrx_word' id='word_1_141' title='bbox 1144 1496 1351 1551; x_wconf 70' lang='grc' dir='ltr'>Μίλητον,</span> <span class='ocrx_word' id='word_1_142' title='bbox 1382 1497 1508 1545; x_wconf 82' lang='lat' dir='ltr'><strong>Quem</strong></span> 
     </span>
     <span class='ocr_line' id='line_1_20' title="bbox 187 1570 1507 1621; baseline -0.001 -10"><span class='ocrx_word' id='word_1_143' title='bbox 187 1572 378 1611; x_wconf 90' lang='lat' dir='ltr'><strong>dictionis</strong></span> <span class='ocrx_word' id='word_1_144' title='bbox 410 1570 584 1611; x_wconf 87' lang='lat' dir='ltr'><strong>colorem</strong></span> <span class='ocrx_word' id='word_1_145' title='bbox 613 1571 650 1610; x_wconf 91' lang='lat' dir='ltr'><strong>si</strong></span> <span class='ocrx_word' id='word_1_146' title='bbox 679 1574 788 1611; x_wconf 87' lang='lat' dir='ltr'><strong>recte</strong></span> <span class='ocrx_word' id='word_1_147' title='bbox 816 1570 1039 1621; x_wconf 83' lang='lat' dir='ltr'><strong>intelligere</strong></span> <span class='ocrx_word' id='word_1_148' title='bbox 1070 1570 1273 1619; x_wconf 87' lang='lat' dir='ltr'><strong>volumus,</strong></span> <span class='ocrx_word' id='word_1_149' title='bbox 1311 1570 1507 1610; x_wconf 82' lang='lat' dir='ltr'><strong>Herodoti</strong></span> 
     </span>
     <span class='ocr_line' id='line_1_21' title="bbox 189 1642 1506 1690; baseline -0.002 -6"><span class='ocrx_word' id='word_1_150' title='bbox 189 1646 241 1684; x_wconf 84' lang='lat' dir='ltr'><strong>de</strong></span> <span class='ocrx_word' id='word_1_151' title='bbox 268 1645 411 1684; x_wconf 88' lang='lat' dir='ltr'><strong>iisdem</strong></span> <span class='ocrx_word' id='word_1_152' title='bbox 440 1643 558 1690; x_wconf 80' lang='lat' dir='ltr'><strong>rebus</strong></span> <span class='ocrx_word' id='word_1_153' title='bbox 596 1644 722 1683; x_wconf 91' lang='lat' dir='ltr'><strong>multo</strong></span> <span class='ocrx_word' id='word_1_154' title='bbox 762 1644 955 1683; x_wconf 88' lang='lat' dir='ltr'><strong>fusiorem</strong></span> <span class='ocrx_word' id='word_1_155' title='bbox 993 1642 1266 1684; x_wconf 73' lang='lat' dir='ltr'><strong>narrationem</strong></span> <span class='ocrx_word' id='word_1_156' title='bbox 1308 1657 1400 1683; x_wconf 85' lang='lat' dir='ltr'><strong>cum</strong></span> <span class='ocrx_word' id='word_1_157' title='bbox 1424 1643 1506 1682; x_wconf 86' lang='lat' dir='ltr'><strong>illis</strong></span> 
     </span>
     <span class='ocr_line' id='line_1_22' title="bbox 193 1710 1506 1767; baseline -0.001 -11"><span class='ocrx_word' id='word_1_158' title='bbox 193 1717 434 1767; x_wconf 82' lang='lat' dir='ltr'><strong>fragmentis</strong></span> <span class='ocrx_word' id='word_1_159' title='bbox 463 1718 752 1766; x_wconf 84' lang='lat' dir='ltr'><strong>coniungamus</strong></span> <span class='ocrx_word' id='word_1_160' title='bbox 780 1728 944 1756; x_wconf 87' lang='lat' dir='ltr'><strong>necesse</strong></span> <span class='ocrx_word' id='word_1_161' title='bbox 965 1718 1040 1757; x_wconf 89' lang='lat' dir='ltr'><strong>erit</strong></span> <span class='ocrx_word' id='word_1_162' title='bbox 1054 1715 1097 1765; x_wconf 84' lang='lat'><strong>³).</strong></span> <span class='ocrx_word' id='word_1_163' title='bbox 1130 1710 1279 1764; x_wconf 84' lang='lat' dir='ltr'><strong>Quodsi</strong></span> <span class='ocrx_word' id='word_1_164' title='bbox 1293 1716 1506 1756; x_wconf 86' lang='lat' dir='ltr'><strong>fecerimus</strong></span> 
     </span>
    </p>
   </div>
   <div class='ocr_carea' id='block_1_6' title="bbox 190 1829 427 1836">
    <p class='ocr_par' dir='ltr' id='par_1_6' title="bbox 190 1829 427 1836">
     <span class='ocr_line' id='line_1_23' title="bbox 190 1829 427 1836; baseline 0 1023"><span class='ocrx_word' id='word_1_165' title='bbox 190 1829 427 1836; x_wconf 95' lang='lat' dir='ltr'><strong> </strong></span> 
     </span>
    </p>
   </div>
   <div class='ocr_carea' id='block_1_7' title="bbox 184 1894 1543 2501">
    <p class='ocr_par' dir='ltr' id='par_1_7' title="bbox 270 1894 695 1936">
     <span class='ocr_line' id='line_1_24' title="bbox 270 1894 695 1936; baseline -0.005 -9"><span class='ocrx_word' id='word_1_166' title='bbox 270 1895 308 1936; x_wconf 86' lang='lat'><strong>1)</strong></span> <span class='ocrx_word' id='word_1_167' title='bbox 329 1894 441 1935; x_wconf 84' lang='lat' dir='ltr'><strong>Antiq.</strong></span> <span class='ocrx_word' id='word_1_168' title='bbox 466 1896 563 1927; x_wconf 85' lang='lat' dir='ltr'><strong>Rom.</strong></span> <span class='ocrx_word' id='word_1_169' title='bbox 589 1904 618 1936; x_wconf 89' lang='lat' dir='ltr'><strong>p.</strong></span> <span class='ocrx_word' id='word_1_170' title='bbox 643 1894 695 1927; x_wconf 79' lang='lat'><strong>23.</strong></span> 
     </span>
    </p>

    <p class='ocr_par' dir='ltr' id='par_1_8' title="bbox 268 1956 1215 1998">
     <span class='ocr_line' id='line_1_25' title="bbox 268 1956 1215 1998; baseline -0.001 -8"><span class='ocrx_word' id='word_1_171' title='bbox 268 1957 308 1997; x_wconf 81' lang='lat'><strong>2)</strong></span> <span class='ocrx_word' id='word_1_172' title='bbox 333 1958 372 1989; x_wconf 79' lang='lat' dir='ltr'><strong>cf.</strong></span> <span class='ocrx_word' id='word_1_173' title='bbox 397 1956 544 1990; x_wconf 84' lang='lat' dir='ltr'><strong>Mueller.</strong></span> <span class='ocrx_word' id='word_1_174' title='bbox 570 1959 585 1990; x_wconf 89' lang='lat'>1</span> <span class='ocrx_word' id='word_1_175' title='bbox 610 1958 724 1998; x_wconf 80' lang='lat' dir='ltr'><strong>fragm.</strong></span> <span class='ocrx_word' id='word_1_176' title='bbox 750 1968 788 1990; x_wconf 85' lang='lat' dir='ltr'><strong>ex</strong></span> <span class='ocrx_word' id='word_1_177' title='bbox 814 1958 971 1990; x_wconf 80' lang='lat' dir='ltr'><strong>Cheronis</strong></span> <span class='ocrx_word' id='word_1_178' title='bbox 1006 1958 1215 1995; x_wconf 71' lang='lat' dir='ltr'><strong>„Persicis“.</strong></span> 
     </span>
    </p>

    <p class='ocr_par' dir='ltr' id='par_1_9' title="bbox 184 2020 1543 2501">
     <span class='ocr_line' id='line_1_26' title="bbox 270 2020 1504 2062; baseline -0.002 -10"><span class='ocrx_word' id='word_1_179' title='bbox 270 2020 306 2060; x_wconf 85' lang='lat'><strong>3)</strong></span> <span class='ocrx_word' id='word_1_180' title='bbox 332 2020 357 2059; x_wconf 87' lang='lat'><strong>1,</strong></span> <span class='ocrx_word' id='word_1_181' title='bbox 382 2020 549 2053; x_wconf 80' lang='lat'>153—181</span> <span class='ocrx_word' id='word_1_182' title='bbox 574 2024 605 2053; x_wconf 77' lang='lat' dir='ltr'><strong>et</strong></span> <span class='ocrx_word' id='word_1_183' title='bbox 630 2022 668 2054; x_wconf 89' lang='lat' dir='ltr'><strong>V.</strong></span> <span class='ocrx_word' id='word_1_184' title='bbox 683 2038 721 2046; x_wconf 91' lang='lat'><em>-</em></span> <span class='ocrx_word' id='word_1_185' title='bbox 745 2021 831 2053; x_wconf 83' lang='lat' dir='ltr'><strong>Idem</strong></span> <span class='ocrx_word' id='word_1_186' title='bbox 855 2021 939 2062; x_wconf 84' lang='lat' dir='ltr'><strong>quod</strong></span> <span class='ocrx_word' id='word_1_187' title='bbox 963 2020 1001 2050; x_wconf 87' lang='lat' dir='ltr'><strong>de</strong></span> <span class='ocrx_word' id='word_1_188' title='bbox 1025 2020 1170 2051; x_wconf 77' lang='lat' dir='ltr'><strong>charone</strong></span> <span class='ocrx_word' id='word_1_189' title='bbox 1193 2022 1225 2051; x_wconf 86' lang='lat' dir='ltr'><strong>et</strong></span> <span class='ocrx_word' id='word_1_190' title='bbox 1248 2022 1385 2053; x_wconf 72' lang='lat' dir='ltr'><strong>fortasse</strong></span> <span class='ocrx_word' id='word_1_191' title='bbox 1409 2021 1504 2050; x_wconf 55' lang='lat' dir='ltr'><strong>eti-vm</strong></span> 
     </span>
     <span class='ocr_line' id='line_1_27' title="bbox 189 2082 1502 2123; baseline -0.002 -9"><span class='ocrx_word' id='word_1_192' title='bbox 189 2084 311 2114; x_wconf 88' lang='lat' dir='ltr'><strong>maiore</strong></span> <span class='ocrx_word' id='word_1_193' title='bbox 334 2083 403 2113; x_wconf 85' lang='lat' dir='ltr'><strong>iure</strong></span> <span class='ocrx_word' id='word_1_194' title='bbox 428 2082 594 2114; x_wconf 85' lang='lat' dir='ltr'><strong>dicendum</strong></span> <span class='ocrx_word' id='word_1_195' title='bbox 616 2086 666 2115; x_wconf 78' lang='lat' dir='ltr'><strong>est</strong></span> <span class='ocrx_word' id='word_1_196' title='bbox 686 2083 724 2114; x_wconf 84' lang='lat' dir='ltr'><strong>de</strong></span> <span class='ocrx_word' id='word_1_197' title='bbox 734 2083 912 2121; x_wconf 80' lang='lat' dir='ltr'><strong>Hellanico,</strong></span> <span class='ocrx_word' id='word_1_198' title='bbox 938 2092 1029 2123; x_wconf 89' lang='lat' dir='ltr'><strong>quem</strong></span> <span class='ocrx_word' id='word_1_199' title='bbox 1052 2092 1090 2113; x_wconf 79' lang='lat' dir='ltr'><strong>ex</strong></span> <span class='ocrx_word' id='word_1_200' title='bbox 1112 2083 1215 2121; x_wconf 86' lang='lat' dir='ltr'><strong>primo</strong></span> <span class='ocrx_word' id='word_1_201' title='bbox 1240 2083 1302 2112; x_wconf 91' lang='lat' dir='ltr'><strong>iam</strong></span> <span class='ocrx_word' id='word_1_202' title='bbox 1324 2082 1502 2121; x_wconf 73' lang='lat' dir='ltr'><strong>fragmento</strong></span> 
     </span>
     <span class='ocr_line' id='line_1_28' title="bbox 184 2143 1543 2185; baseline -0.001 -9"><span class='ocrx_word' id='word_1_203' title='bbox 184 2146 352 2184; x_wconf 79' lang='lat' dir='ltr'><strong>tantopere</strong></span> <span class='ocrx_word' id='word_1_204' title='bbox 375 2144 497 2176; x_wconf 82' lang='lat' dir='ltr'><strong>afuisse</strong></span> <span class='ocrx_word' id='word_1_205' title='bbox 521 2143 733 2185; x_wconf 82' lang='lat' dir='ltr'><strong>intelligimus</strong></span> <span class='ocrx_word' id='word_1_206' title='bbox 756 2154 773 2176; x_wconf 89' lang='lat' dir='ltr'><strong>a</strong></span> <span class='ocrx_word' id='word_1_207' title='bbox 796 2143 925 2185; x_wconf 87' lang='lat' dir='ltr'><strong>prolixa</strong></span> <span class='ocrx_word' id='word_1_208' title='bbox 956 2143 1134 2176; x_wconf 84' lang='lat' dir='ltr'><strong>fabularum</strong></span> <span class='ocrx_word' id='word_1_209' title='bbox 1157 2144 1372 2184; x_wconf 82' lang='lat' dir='ltr'><strong>enarratione,</strong></span> <span class='ocrx_word' id='word_1_210' title='bbox 1395 2146 1431 2174; x_wconf 85' lang='lat' dir='ltr'><strong>ut</strong></span> <span class='ocrx_word' id='word_1_211' title='bbox 1452 2144 1503 2175; x_wconf 88' lang='lat' dir='ltr'><strong>ni-</strong></span> <span class='ocrx_word' id='word_1_212' title='bbox 1540 2147 1543 2150; x_wconf 80' lang='grc'><strong>“</strong></span> 
     </span>
     <span class='ocr_line' id='line_1_29' title="bbox 186 2206 1503 2254; baseline 0 -16"><span class='ocrx_word' id='word_1_213' title='bbox 186 2206 234 2239; x_wconf 89' lang='lat' dir='ltr'><strong>hil</strong></span> <span class='ocrx_word' id='word_1_214' title='bbox 256 2207 325 2239; x_wconf 78' lang='lat' dir='ltr'><strong>fere</strong></span> <span class='ocrx_word' id='word_1_215' title='bbox 348 2206 409 2239; x_wconf 88' lang='lat' dir='ltr'><strong>nisi</strong></span> <span class='ocrx_word' id='word_1_216' title='bbox 433 2207 638 2254; x_wconf 80' lang='lat' dir='ltr'><strong>genealogias</strong></span> <span class='ocrx_word' id='word_1_217' title='bbox 660 2207 809 2240; x_wconf 84' lang='lat' dir='ltr'><strong>videatur</strong></span> <span class='ocrx_word' id='word_1_218' title='bbox 832 2207 1032 2247; x_wconf 86' lang='lat' dir='ltr'><strong>condidisse,</strong></span> <span class='ocrx_word' id='word_1_219' title='bbox 1068 2208 1181 2249; x_wconf 87' lang='lat' dir='ltr'><strong>quibus</strong></span> <span class='ocrx_word' id='word_1_220' title='bbox 1209 2216 1317 2239; x_wconf 88' lang='lat' dir='ltr'><strong>rerum</strong></span> <span class='ocrx_word' id='word_1_221' title='bbox 1341 2210 1503 2247; x_wconf 81' lang='lat' dir='ltr'><strong>gestarum</strong></span> 
     </span>
     <span class='ocr_line' id='line_1_30' title="bbox 188 2268 1502 2311; baseline 0 -11"><span class='ocrx_word' id='word_1_222' title='bbox 188 2270 523 2301; x_wconf 84' lang='lat' dir='ltr'><strong>commemorationem</strong></span> <span class='ocrx_word' id='word_1_223' title='bbox 545 2271 658 2311; x_wconf 88' lang='lat' dir='ltr'><strong>paucis</strong></span> <span class='ocrx_word' id='word_1_224' title='bbox 690 2271 799 2302; x_wconf 80' lang='lat' dir='ltr'><strong>verbis</strong></span> <span class='ocrx_word' id='word_1_225' title='bbox 830 2271 1051 2301; x_wconf 82' lang='lat' dir='ltr'><strong>immiscuerit.</strong></span> <span class='ocrx_word' id='word_1_226' title='bbox 1099 2271 1199 2309; x_wconf 81' lang='lat' dir='ltr'><strong>Quam</strong></span> <span class='ocrx_word' id='word_1_227' title='bbox 1235 2279 1312 2301; x_wconf 84' lang='lat' dir='ltr'><strong>vere</strong></span> <span class='ocrx_word' id='word_1_228' title='bbox 1341 2269 1441 2309; x_wconf 76' lang='lat' dir='ltr'><strong>igitur</strong></span> <span class='ocrx_word' id='word_1_229' title='bbox 1462 2268 1502 2300; x_wconf 79' lang='lat' dir='ltr'><strong>de</strong></span> 
     </span>
     <span class='ocr_line' id='line_1_31' title="bbox 186 2331 1501 2379; baseline -0.001 -15"><span class='ocrx_word' id='word_1_230' title='bbox 186 2332 246 2364; x_wconf 83' lang='lat' dir='ltr'><strong>hoc</strong></span> <span class='ocrx_word' id='word_1_231' title='bbox 269 2331 391 2364; x_wconf 84' lang='lat' dir='ltr'><strong>dixerit</strong></span> <span class='ocrx_word' id='word_1_232' title='bbox 413 2332 512 2364; x_wconf 86' lang='lat' dir='ltr'><strong>Thuc.</strong></span> <span class='ocrx_word' id='word_1_233' title='bbox 540 2331 567 2370; x_wconf 93' lang='lat'><strong>1,</strong></span> <span class='ocrx_word' id='word_1_234' title='bbox 592 2332 634 2366; x_wconf 82' lang='lat'><strong>97</strong></span> <span class='ocrx_word' id='word_1_235' title='bbox 656 2342 726 2365; x_wconf 83' lang='lat' dir='ltr'><strong>eum</strong></span> <span class='ocrx_word' id='word_1_236' title='bbox 751 2332 987 2379; x_wconf 67' lang='grc' dir='ltr'><strong>βραχέωςϊεε</strong></span> <span class='ocrx_word' id='word_1_237' title='bbox 1009 2340 1159 2364; x_wconf 84' lang='lat' dir='ltr'><strong>narrasse</strong></span> <span class='ocrx_word' id='word_1_238' title='bbox 1183 2332 1367 2364; x_wconf 81' lang='lat' dir='ltr'><strong>coniicimus</strong></span> <span class='ocrx_word' id='word_1_239' title='bbox 1389 2340 1501 2373; x_wconf 77' lang='lat' dir='ltr'><strong>opere.</strong></span> 
     </span>
     <span class='ocr_line' id='line_1_32' title="bbox 185 2395 1502 2438; baseline 0 -11"><span class='ocrx_word' id='word_1_240' title='bbox 185 2395 269 2438; x_wconf 89' lang='lat' dir='ltr'><strong>quod</strong></span> <span class='ocrx_word' id='word_1_241' title='bbox 291 2396 480 2436; x_wconf 79' lang='lat' dir='ltr'><strong>inscriptum</strong></span> <span class='ocrx_word' id='word_1_242' title='bbox 504 2398 574 2427; x_wconf 80' lang='lat' dir='ltr'><strong>erat</strong></span> <span class='ocrx_word' id='word_1_243' title='bbox 596 2395 808 2435; x_wconf 78' lang='lat' dir='ltr'><strong>,‚Atu1ides“‚</strong></span> <span class='ocrx_word' id='word_1_244' title='bbox 857 2405 917 2436; x_wconf 89' lang='lat' dir='ltr'><strong>quo</strong></span> <span class='ocrx_word' id='word_1_245' title='bbox 940 2396 1139 2428; x_wconf 79' lang='lat' dir='ltr'><strong>Athenarum</strong></span> <span class='ocrx_word' id='word_1_246' title='bbox 1163 2395 1332 2427; x_wconf 78' lang='lat' dir='ltr'><strong>historiam</strong></span> <span class='ocrx_word' id='word_1_247' title='bbox 1354 2396 1393 2427; x_wconf 77' lang='lat' dir='ltr'><strong>ab</strong></span> <span class='ocrx_word' id='word_1_248' title='bbox 1417 2397 1502 2427; x_wconf 75' lang='lat' dir='ltr'><strong>anti—</strong></span> 
     </span>
     <span class='ocr_line' id='line_1_33' title="bbox 185 2457 1499 2501; baseline 0 -12"><span class='ocrx_word' id='word_1_249' title='bbox 185 2458 347 2500; x_wconf 88' lang='lat' dir='ltr'><strong>quissimis</strong></span> <span class='ocrx_word' id='word_1_250' title='bbox 369 2458 568 2499; x_wconf 78' lang='lat' dir='ltr'><strong>temporibus</strong></span> <span class='ocrx_word' id='word_1_251' title='bbox 601 2468 700 2500; x_wconf 80' lang='lat' dir='ltr'><strong>usque</strong></span> <span class='ocrx_word' id='word_1_252' title='bbox 723 2457 761 2491; x_wconf 83' lang='lat' dir='ltr'><strong>ad</strong></span> <span class='ocrx_word' id='word_1_253' title='bbox 785 2466 899 2491; x_wconf 85' lang='lat' dir='ltr'><strong>annum</strong></span> <span class='ocrx_word' id='word_1_254' title='bbox 933 2458 1084 2492; x_wconf 85' lang='lat' dir='ltr'><strong>ccccv1</strong></span> <span class='ocrx_word' id='word_1_255' title='bbox 1115 2458 1173 2499; x_wconf 74' lang='lat' dir='ltr'><strong>(cf.</strong></span> <span class='ocrx_word' id='word_1_256' title='bbox 1198 2459 1313 2501; x_wconf 70' lang='lat' dir='ltr'><strong>fragm.</strong></span> <span class='ocrx_word' id='word_1_257' title='bbox 1338 2458 1397 2501; x_wconf 80' lang='lat'><strong>80)</strong></span> <span class='ocrx_word' id='word_1_258' title='bbox 1423 2468 1499 2500; x_wconf 88' lang='lat' dir='ltr'><strong>qua—</strong></span> 
     </span>
    </p>
   </div>
  </div>
 </body>
</html>
