1718 2859
711 193 1025 235 „59—

204 310 295 339 rum
322 299 603 356 proponebant
627 300 837 351 imagines,
864 300 1090 340 incitarent.
1142 296 1399 349 Logographi
1427 306 1522 337 con·

207 376 275 413 tra
301 372 502 426 voluptati
526 385 685 422 eorum,
720 373 789 425 qui
814 372 1004 413 historias
1031 370 1097 411 vel
1123 370 1345 411 audiebant
1370 369 1436 411 vel
1465 369 1523 410 le·-

202 430 353 493 gebant
379 444 501 496 quam
527 445 703 484 maxime
728 442 925 501 &servire
953 442 1194 483 studebant.
1248 442 1385 490 Quare
1419 441 1522 482 alio—

203 528 295 556 rum
321 519 477 569 quoque
503 515 745 570 populorum
785 515 967 557 moribus
1004 519 1125 567 atque
1159 514 1280 554 rebus
1315 515 1443 565 gestis
1469 514 1520 554 li—

202 587 297 628 bros
323 600 420 628 suos
448 588 671 641 implebant
696 600 787 628 cum
826 587 997 626 Romani
1032 597 1198 639 perraro
1239 587 1396 639 patriae
1422 587 1520 627 fines

197 662 279 701 sint
298 656 471 711 egressi.
501 661 588 701 lure
616 661 738 711 igitur
765 659 972 699 annalium
992 660 1213 712 scriptores
1240 670 1333 699 cum
1359 662 1521 699 nostra-

199 732 312 773 tibus
340 734 612 782 conferuntur,
640 732 710 785 qui
737 732 871 772 media
904 735 1037 772 aetate
1065 731 1255 772 chronica
1281 731 1520 773 condebant„

198 805 304 845 Sunt
332 809 468 845 autem
506 817 635 857 neque
668 804 942 844 Romanorum
986 803 1154 844 annales
1195 815 1325 857 neque
1359 806 1520 844 nostra⁶

201 877 303 917 tium
331 877 522 917 chronica
545 875 744 917 historiae
783 877 950 920 nomina
988 876 1134 925 digna,
1173 875 1281 927 quod
1315 875 1425 915 omni
1453 887 1520 915 ca·

195 952 414 996 rentrartffi
443 950 516 989 sed
545 948 708 988 laudem
734 948 911 990 habeant
938 947 1048 988 illam
1065 960 1157 998 ,res
1183 950 1323 998 gestas
1349 947 1410 988 ita
1436 947 1521 988 col-

199 1021 353 1071 legisse
376 1025 498 1073 atque
527 1021 673 1060 litteris
701 1022 941 1069 mandasse,
981 1024 1026 1060 ut
1059 1021 1231 1073 posteris
1265 1020 1424 1071 largam
1452 1033 1520 1061 co·

199 1094 436 1146 piosamque
464 1094 594 1133 iustae
636 1093 828 1133 historiae
865 1094 1073 1134 materiem
1109 1092 1381 1146 praebuerint.
1437 1094 1519 1134 Sed

198 1166 286 1206 iure
314 1167 488 1206 fortasse
524 1167 737 1214 miremur,
774 1167 903 1218 quod,
947 1178 1052 1205 cum·
1076 1165 1255 1206 histo-riis
1291 1165 1518 1206 scribendis

196 1238 364 1288 ingenia
390 1238 661 1279 Romanorum
688 1251 810 1292 quam
845 1240 1022 1280 maxime
1052 1239 1358 1279 accommodata
1383 1243 1519 1279 essent

195 1323 329 1363 neque
358 1323 505 1363 operae
533 1315 765 1364 parcerent,
801 1324 874 1363 per
912 1312 990 1351 duo
1026 1311 1113 1350 fere
1137 1312 1303 1351 saecula
1329 1312 1371 1351 in
1399 1313 1516 1351 cunis

194 1383 254 1424 ita
282 1383 552 1435 permanserit
579 1371 770 1432 historia,
808 1387 854 1424 ut
881 1384 1019 1424 Cicero
1046 1396 1119 1423 suo
1144 1384 1233 1424 iure
1261 1385 1393 1425 dicere
1420 1397 1516 1437 pos·

191 1449 258 1495 set
299 1455 545 1503 „historiam
582 1457 777 1497 alitteris
817 1456 1008 1497 Romanis
1048 1457 1201 1498 abesse.
1215 1461 1241 1477 “
1293 1457 1415 1498 Cuius
1455 1457 1515 1498 rei

167 1540 318 1568 eausa
344 1540 435 1569 mea
463 1529 623 1581 quidem
651 1530 852 1569 sententia
879 1530 921 1568 in
949 1541 994 1569 eo
1024 1529 1104 1569 sita
1131 1533 1205 1577 est,
1232 1530 1340 1583 quod
1367 1529 1514 1570 Roma-

191 1614 335 1642 norum
378 1602 542 1652 ingenia
584 1602 766 1655 quamvis
811 1603 1060 1642 industriosa
1101 1606 1222 1654 atque
1264 1606 1430 1642 strenua
1465 1614 1515 1644 ω

186 1675 272 1715 fere
299 1674 495 1716 carebant
522 1674 740 1723 facul-tate,
782 1686 884 1730 quae
926 1674 1014 1715 sola
1048 1678 1179 1716 artem
1206 1676 1370 1727 gignere
1395 1675 1512 1719 solet.

189 1748 303 1795 Quod.
330 1749 464 1789 minus
492 1749 535 1789 in
562 1749 752 1794 historia,
789 1761 910 1800 quam
937 1750 979 1788 in
1007 1750 1118 1800 poesi
1157 1749 1328 1802 aliisque
1354 1750 1513 1789 artibus

184 1820 307 1861 facile
335 1821 497 1863 videris,
528 1833 629 1873 quae
657 1821 777 1861 rudes
806 1821 1005 1869 iacebant,
1034 1822 1161 1861 donee
1191 1809 1360 1863 Ro‘mani
1385 1821 1510 1862 Grae-

188 1905 257 1933 cos
284 1894 438 1934 imitari
467 1898 696 1945 coeperunt.
755 1893 850 1935 Inde
878 1906 972 1933 vero
1011 1894 1270 1934 effloruerunt
1298 1899 1338 1934 et
1366 1907 1459 1935 cum
1486 1908 1513 1936 a

187 1965 353 2006 Graecis
393 1970 562 2018 accepta
605 1966 837 2005 excolerent
876 1966 1047 2007 Romani
1087 1978 1160 2006 suo
1196 1967 1358 2017 ingenio
1385 1971 1511 2022 atquo

181 2039 348 2079 consilio
378 2040 430 2081 ad
458 2040 660 2092 quoddam
687 2040 896 2090 fastigium
925 2044 1196 2092 pervenerunt
1224 2043 1334 2080 artes
1363 2053 1411 2082 ac
1440 2041 1508 2083 lit-

184 2115 306 2166 terae.
346 2113 430 2160 Quo
459 2113 526 2161 fit,
557 2116 602 2152 ut
629 2113 717 2153 iure
745 2114 793 2153 de
822 2113 971 2154 litteris
1002 2114 1240 2166 artibusque
1283 2115 1396 2154 dicas
1429 2114 1508 2155 Ro-

186 2185 330 2230 manis,
360 2186 465 2236 quod
495 2186 602 2226 idem
630 2186 798 2226 historia
821 2186 940 2226 nob-is
970 2188 1160 2234 ostendit,
1186 2189 1230 2227 in
1258 2200 1336 2239 qua
1364 2183 1412 2227 ea
1439 2189 1508 2227 de-

185 2270 296 2297 mum
322 2261 477 2303 aetate,
518 2271 597 2310 qua
625 2258 872 2300 Graecorum
894 2260 1120 2312 discipulos
1149 2273 1191 2300 se
1219 2261 1509 2313 profitebantur

182 2329 365 2378 Romani,
394 2330 595 2382 praeclari
623 2333 867 2372 exstiterunt
896 2337 1092 2373 auctores.
1140 2334 1274 2386 Atque
1301 2334 1376 2375 hoc
1403 2335 1505 2383 loeo,

180 2406 225 2442 ut
247 2401 352 2453 illius
382 2404 455 2444 viri
486 2405 729 2445 mentionem
757 2407 957 2447 facia-mus
987 2419 1158 2459 aequum
1186 2412 1268 2455 est,
1293 2409 1386 2462 qui,
1410 2421 1505 2450 cum
