1718 2859
396 200 405 221 '
676 211 973 251 -45—

225 350 230 353 ,
258 315 363 358 *Iam
402 318 450 358 ‹le
499 318 574 358 fide
611 321 728 370 atque
769 317 1010 360 auctoritate
1051 315 1295 368 scriptorum
1334 311 1492 352 illorum

169 390 749 442 disputaturipraemittamus
776 403 940 431 necesse
968 393 1053 437 est,
1108 401 1177 429 eos
1206 380 1318 427 *inter
1342 399 1387 426 se
1414 398 1494 424 non

173 463 293 514 plane
322 462 471 502 similes
499 475 609 511 esse,
646 464 718 502 sed
758 462 882 502 alium
908 461 960 501 ab
1002 461 1083 500 alio
1112 460 1306 512 superari.
1335 457 1491 499 Nihilo-

170 536 301 577 minus
317 535 378 575 -de
422 536 612 576 omnibus»
633 546 756 578 unum
791 538 910 585 atque
939 535 1044 573 idem
1071 533 1264 572 iudicium
1282 533 1380 571 ferri
1398 535 1489 583 pot-

172 611 244 656 est,
271 608 313 648 id
339 609 558 660 quodiam
581 610 736 647 veteres
766 606 997 649 sentiebant
1027 606 1175 653 critici,
1204 606 1273 656 qui
1300 606 1489 652 Cicerone

164 673 333 720 ‘auctore
361 680 428 730 (de
457 683 559 719 orat.
588 679 635 726 II,
667 678 732 730 12)
760 689 829 717 eos
858 678 1000 717 eodem
1026 677 1168 720 modo,
1206 689 1283 729 quo
1314 676 1490 717 Graeco··

174 766 263 792 rum
290 752 559 805 logographos
587 750 924 802 comprehendere
952 751 1149 790 solebant.

276 825 412 864 Oritur
453 824 576 872 igitur
621 823 803 874 quaestio
821 853 832 870 ,
887 834 984 861 num
1023 823 1233 861 veritatem
1279 823 1392 874 sequi
1427 822 1491 863 ilIi

172 896 388 948 scriptores
418 896 628 936 voluerint.
661 895 789 942 Quam
819 896 1097 946 quaestionem
1124 896 1199 933 rite
1229 894 1384 933 solvere
1411 907 1493 933 non

172 980 398 1019 possumus,
427 968 615 1019 quoniam
642 967 692 1009 de
731 966 978 1016 singulorum
1017 967 1108 1006 vitis
1151 969 1272 1018 atque
1310 966 1489 1007 moribus

173 1053 376 1093 perpauca
395 1054 542 1092 -eaque
578 1040 700 1080 dubia
736 1041 886 1079 tradita
923 1040 1127 1078 habemus.
1183 1039 1264 1078 Sed
1302 1052 1391 1078 cum
1429 1039 1489 1079 illi

173 1113 389 1164 scriptores
418 1113 615 1164 (exceptis
649 1111 777 1150 Ennio
814 1115 854 1150 et
893 1112 1041 1151 Naevio
1080 1112 1229 1162 poetis)
1271 1112 1313 1150 in
1339 1111 1486 1151 Roma·—

173 1197 314 1224 norum
343 1185 504 1224 civitate
532 1185 682 1235 primos
711 1184 939 1227 obtinerent
966 1184 1076 1224 locos
1118 1184 1361 1236 summisque
1400 1184 1487 1223 affi-

174 1260 357 1296 cerentur
383 1256 614 1305 honoribus,
644 1257 756 1298 nulla
783 1260 845 1296 est
873 1268 1014 1304 causa,
1051 1269 1121 1296 cm·
1154 1268 1290 1296 eorum
1326 1257 1488 1307 ingenia

173 1330 335 1369 veritati
362 1329 576 1369 indulsisse
602 1341 804 1379 negemus.
851 1328 1028 1369 Fuerunt
1057 1330 1161 1369 enim
1188 1329 1357 1369 Romani
1386 1330 1488 1369 veri-

170 1403 266 1442 tatis
305 1414 426 1454 quam
459 1403 634 1442 maxime
667 1402 857 1449 studiosi,
897 1403 939 1441 id
976 1403 1081 1454 quod
1126 1416 1177 1442 ex
1214 1416 1260 1442 eo
1304 1403 1484 1453 colligas,

170 1475 279 1527 quod
325 1476 503 1514 animum
553 1475 786 1514 mendacem
844 1479 964 1526 atque
1012 1474 1288 1514 fraudulosum
1339 1475 1485 1516 Poenis

174 1560 330 1587 summo
373 1547 603 1587 tribuebant
653 1547 881 1599 opprobrio.
937 1548 1051 1594 Quod
1086 1548 1267 1587 veritatis
1306 1549 1487 1589 studium

172 1620 261 1673 plus
290 1619 413 1660 semel
440 1620 596 1672 patriae
622 1631 758 1661 amore
785 1624 1018 1673 corruptum
1045 1633 1132 1660 esse
1170 1621 1342 1661 libenter
1381 1622 1483 1661 fate-

122 1711 127 1715 ·
167 1706 277 1741 mur;
305 1692 417 1733 hane
436 1694 542 1733 enim
571 1693 620 1734 ob
653 1706 816 1733 causam
845 1695 1054 1733 veritatem
1083 1693 1305 1745 paullulum
1340 1695 1484 1734 immu-

168 1770 278 1806 tasse
306 1766 592 1817 neminiepud
619 1767 807 1818 antiquos
850 1761 948 1806 §itio
989 1766 1224 1806 habebatur.
1280 1767 1364 1813 Quo
1400 1768 1487 1807 fac·

168 1841 255 1877 tum
283 1842 355 1886 est,
385 1841 440 1878 ut·
456 1837 618 1889 plurimi
645 1839 728 1878 fere
755 1838 1026 1880 Romanorum
1053 1839 1293 1889 Scriptores,
1324 1840 1392 1890 qui
1418 1852 1482 1879 res

170 1910 307 1963 populi
334 1911 397 1950 sui
424 1910 570 1951 litteris
597 1913 902 1959 mandaverunt,
930 1911 1165 1963 saepissime
1202 1923 1293 1950 cum
1321 1912 1370 1952 de
1397 1913 1483 1952 fac-

167 1984 221 2023 tis
248 1984 405 2023 tum-de
432 1983 609 2023 hostium
637 1996 845 2026 caesorum
873 1996 1036 2024 numero
1064 1984 1318 2036 praedaeque
1342 1988 1484 2036 partae

177 2057 453 2106 magnitudine
481 2060 692 2109 suspectae
719 2058 801 2097 sint
828 2058 931 2098 fidei.
962 2057 1075 2104 Quod
1102 2057 1243 2096 vitium
1269 2059 1484 2109 praecipue

167 2130 389 2169 admissum
420 2142 507 2169 esse
533 2130 576 2169 in
604 2130 886 2181 antiquissima
912 2141 1047 2169 rerum
1074 2133 1280 2178 gestarum
1312 2129 1482 2169 historia

162 2213 214 2241 ex
242 2213 287 2240 eo
316 2205 497 2252 apparet,
527 2203 633 2253 quod
659 2203 803 2242 iubae
843 2202 1024 2254 fontibus
1061 2202 1235 2253 >impuris
1271 2204 1482 2243 uterentur

160 2286 325 2315 necesse
351 2279 449 2314 erat.
507 2276 713 2317 Cuiusrei
743 2275 927 2328 exempla
954 2275 1062 2327 apud
1090 2274 1206 2322 illos,
1255 2275 1305 2314 de
1335 2276 1479 2327 quibus

162 2348 317 2397 agimus
353 2348 590 2399 scriptores,
640 2348 769 2389 multa
809 2348 1077 2388 inveniuntur.
1133 2347 1263 2386 Unum
1299 2347 1476 2407 afferam.

161 2419 318 2460 Coelius
347 2421 561 2473 Antipater
601 2426 762 2469 „certus
797 2422 999 2462 Romanae
1037 2422 1227 2461 historiae
1263 2425 1427 2462 auctor“
1455 2434 1479 2461 a
