1718 2859
763 219 814 229 ...
894 199 948 238 37
1030 219 1081 227 .-

261 305 373 344 nales
401 303 579 344 maximi.
603 304 789 344 *Maximi
817 303 1009 355 appellati
1038 305 1131 342 sunt
1157 301 1199 340 hi
1228 293 1398 340 annales
1418 311 1452 338 ,a
1478 302 1577 350 pon-

260 377 434 417 tificibus
459 378 668 426 maximis,
698 365 873 428 quorum>
897 376 998 416 erat'
1020 375 1254 415 memoriam
1281 374 1415 414 rerum
1445 373 1579 422 gesta-

260 465 352 490 rum
379 452 420 490 in
450 451 607 490 tabulas
637 449 876 501 conferre1).
1565 499 1571 501 ⁷

367 525 473 571 Quas
499 523 659 563 tabulas
681 523 965 562 vetustissimis
993 523 1074 560 iam
1101 521 1347 573 temporibus
1375 520 1579 560 exstitisse

261 602 301 638 et
327 610 398 649 per
418 610 460 636 se
489 596 821 635 verisimillimum
842 598 933 641 est,
972 595 1160 645 quoniam
1198 594 1315 645 apud‘
1344 606 1479 632 omnes
1506 606 1580 644 po-

260 671 405 722 pulos,
435 670 503 720 qui
533 669 668 707 cer-tos*
700 669 953 707 sacerdotum
993 668 1151 706 ordines
1189 666 1357 715 habent,
1403 665 1580 706 omnium

259 756 398 783 rerum
428 742 898 791 gestarummemoriam
927 742 1045 792 primi
1075 740 1205 779 colere
1233 740 1362 779 solent
1391 740 1580 779 sacerdo-

263 819 337 860 tes,
368 817 408 854 et
437 814 681 854 testimoniis
718 816 896 852 veterum
935 812 1229 864 comprobatur.
1271 812 1315 850 In
1345 811 1488 862 quibus
1516 813 1580 852 Ci-

264 888 420 935 cero²):
477 887 603 935 „Erat
629 907 680 914 —-
709 887 767 925 ait
795 903 846 915 —·-
874 886 1044 925 historia
1072 885 1170 924 nihil
1200 885 1320 932 aliud,
1348 886 1426 924 nisi
1455 897 1580 924 anna-

262 962 362 1000 lium
391 960 610 1008 confectio,
649 960 759 999 cuius
787 960 844 999 rei
873 960 1168 1010 memoriaeque
1196 957 1379 1010 publicae
1406 958 1582 999 retinen-

266 1036 343 1075 dae
373 1047 496 1075 causa
525 1033 574 1073 ab
604 1038 717 1073 initio
745 1046 877 1073 rerum
906 1033 1212 1072 Romanarum...
1242 1046 1305 1071 res
1335 1045 1472 1072 omnes
1499 1034 1581 1072 sin-

264 1107 448 1156 gulorum
486 1119 681 1145 annorum
718 1106 942 1144 mandabat
977 1106 1122 1152 litteris
1159 1106 1340 1157 pontifex
1379 1106 1580 1145 maximus

265 1180 601 1236 efferebatque-in
631 1179 766 1218 album
795 1182 835 1218 et
861 1179 1113 1230 proponebat
1147 1179 1329 1218 tabulam
1357 1180 1479 1225 domi,
1510 1191 1582 1230 po-

203 1297 209 1304 ;
264 1255 389 1292 testas
418 1254 597 1294 utesset
624 1251 773 1303 populo
804 1252 1110 1300 cognoscendi.“
1149 1251 1341 1291 Similiter
1370 1252 1582 1299 Quintilia-

266 1338 340 1364 nus
378 1324 514 1372 „nihil
542 1325 584 1363 in
621 1325 790 1363 historia
827 1336 949 1375 supra
985 1325 1218 1375 pontificum
1255 1325 1421 1364 annales
1458 1338 1545 1364 esse
1559 1329 1580 1344 “

264 1401 435 1438 testatur
451 1395 498 1436 ³]-
523 1398 602 1438 Sed
632 1397 701 1437 alii
730 1410 886 1449 quoque
913 1398 1166 1437 sacerdotum
1194 1398 1299 1446 libri,
1327 1399 1581 1451 propositum

267 1468 385 1511 suum
413 1472 583 1521 egressi,
622 1461 685 1511 res
724 1474 859 1520 gestas
895 1472 1113 1511 memoriae
1155 1472 1374 1512 tradendas
1415 1485 1582 1512 curave-

264 1548 370 1583 runt.
424 1544 544 1583 Cuius
582 1545 737 1593 generis
775 1536 1159 1583 commemorantur:
1197 1544 1347 1583 libris.
1379 1558 1582 1584 commen-

267 1618 361 1657 tarii
388 1618 631 1669 pontificum,
660 1617 753 1656 libri
790 1630 1007 1665 sacrorum,
1036 1618 1127 1657 libri
1155 1618 1380 1668 augurales,
1408 1619 1433 1657 1.
1460 1620 1583 1665 sacri,

266 1691 570 1737 lsacerdotum,
596 1690 621 1728 l.
650 1691 978 1736 ceremoniarum,
1006 1690 1085 1730 alii.
1131 1691 1237 1738 Quos
1267 1704 1402 1731 omnes
1425 1695 1583 1743 (quam-

267 1775 385 1814 quam
413 1764 586 1817 fortasse
614 1776 694 1801 non
722 1767 781 1802 tot
808 1764 968 1812 singula
987 1765 1148 1802 fuerunt
1172 1765 1343 1818 scripta,
1367 1770 1463 1815 quot
1487 1778 1583 1803 enu-

265 1838 472 1885 merantur
499 1835 623 1884 tituli)
663 1838 821 1887 praeter
850 1849 1056 1875 sacrorum
1096 1837 1347 1888 praescripta
1376 1837 1454 1877 aliu
1486 1852 1583 1890 quo-

266 1921 342 1960 que
369 1910 482 1948 facta
509 1913 732 1948 memoratu
760 1910 881 1959 digna
910 1910 1152 1949 continuisse
1181 1922 1225 1949 eo
1254 1911 1334 1950 iam
1364 1912 1507 1950 coniici
1533 1912 1583 1950 li-

268 1986 351 2029 cet,
395 1983 501 2033 quod
543 1982 812 2021 Romanorum
855 1996 919 2022 res
950 1983 1110 2035 publica
1141 1998 1230 2023 cum
1259 1985 1424 2024 deorum
1455 1987 1582 2025 saeris

269 2057 597 2096 coniunctissima
625 2056 826 2105 religioso,
859 2061 899 2096 ut
927 2058 985 2095 ita
1015 2058 1157 2104 (licam,
1187 2059 1449 2097 fundamento
1479 2060 1581 2098 nite-

268 2129 396 2168 bat-ur.
451 2130 570 2169 Cuius
599 2131 655 2169 rei
695 2130 918 2182 exemplum
956 2130 1097 2169 afferre
1134 2130 1274 2177 liceum
1326 2131 1477 2180 Cicero,
1501 2132 1581 2171 illis

266 2200 380 2241 libris
426 2203 537 2241 nisus
573 2204 898 2254 provocationem
935 2203 1017 2241 iam
1065 2215 1203 2253 regum
1242 2207 1421 2255 tempore
1458 2205 1581 2244 fuisse

349 2316 385 2354 1)
409 2315 551 2347 Macrob.
578 2318 645 2348 Sat.
671 2317 730 2356 111,
756 2327 804 2357 cp.
829 2321 859 2350 2.

347 2378 383 2416 2)
408 2378 550 2409 decrat.
576 2378 620 2415 11,
647 2379 697 2410 12.

350 2441 385 2478 3)
410 2443 488 2471 Inst.
514 2443 594 2473 orat.
620 2442 657 2479 X,
683 2446 713 2473 2.
739 2442 769 2482 ξ.
795 2443 824 2475 7,
852 2459 890 2482 ,--
937 2444 975 2472 ςῑ,
1004 2444 1097 2473 elium
1134 2444 1200 2476 Cic.
1237 2443 1275 2474 <le
1299 2443 1362 2483 leg.
1388 2446 1415 2482 1,
1441 2445 1471 2477 2.
1496 2445 1578 2475 Gell.

263 2502 303 2533 N.
329 2502 368 2535 A.
394 2502 447 2540 IV,
474 2503 504 2538 5.
533 2503 607 2534 Liv.
633 2505 659 2542 l,
687 2504 739 2536 32.
