1718 2859
695 185 1013 224 -15-

214 285 344 342 ἔσχον
372 287 584 342 ἀλλήλων.
613 289 693 330 Sed
720 290 936 331 tenendum
964 293 1026 330 est
1051 288 1124 329 hos
1153 287 1354 340 antiquos,
1379 285 1526 338 quibus

210 363 329 404 fidem
355 363 515 404 omnino
555 363 752 415 denegare
788 372 869 403 non
905 363 1122 411 audemus,
1176 362 1225 402 de
1265 337 1528 413 &spositione

213 434 518 489 elocutioneque
558 436 897 489 logographorum
934 448 1015 475 non
1051 434 1099 474 de
1136 438 1221 474 arte
1259 435 1400 474 critica
1427 432 1528 472 illud

215 508 380 551 dixisse.
422 511 549 562 Atqui
575 510 642 550 fae
668 508 979 562 seriptoresvel
1008 509 1107 548 duos
1134 507 1199 547 vel
1226 508 1360 559 plures
1388 508 1528 546 eadem

213 594 348 624 rerum
366 581 663 635 dispositione,
702 581 844 622 eadem
871 580 1160 621 sententiarum
1198 579 1421 620 elocutione
1448 579 1527 618 uti:

215 659 460 709 num'putas
488 655 614 706 animi
642 645 858 695 facultates
888 666 1025 694 omnes
1053 639 1218 694 easdem
1244 654 1396 693 fuisse?
1450 651 1530 692 Ha·

214 729 341 770 beant
366 728 490 780 igitur
513 727 589 768 illa
616 727 802 780 Dionysii
828 727 953 767 verba
979 739 1095 767 suum
1118 728 1179 767 ius
1194 759 1204 775 ‚
1233 726 1304 767 sed
1330 738 1381 766 ne
1408 725 1528 765 nimis

213 802 264 842 iis
290 800 493 842 tribuatur
518 801 737 841 videndum
775 804 847 840 est.
902 799 995 852 Ipsa
1031 799 1367 851 logographorum
1408 810 1530 850 opera

214 877 426 927 eorumque
454 874 638 925 quamvis
666 885 870 926 perpauca
894 873 1134 923 'fragmenta
1170 872 1290 912 aliam
1318 872 1434 912 nobis
1463 883 1528 911 os-

210 948 376 988 tendent
402 948 523 987 viam.

291 1019 549 1061 ''Memor-iae
573 1019 699 1069 igitur
745 1019 961 1060 tradebant
1004 1018 1242 1071 logographi
1276 1026 1351 1059 'res
1390 1011 1529 1059 omnes

213 1093 307 1133 inde
329 1092 707 1145 >ab‘antiquissimis
743 1092 992 1145 temporibus
1031 1105 1156 1144 usque
1195 1093 1247 1132 ad
1274 1090 1387 1132 illam
1415 1095 1527 1131 aeta*-

212 1169 295 1207 tem
318 1169 471 1218 gestas.
502 1166 679 1214 Quarum
706 1178 841 1207 rerum
869 1178 918 1206 ea
945 1178 1059 1219 pars,
1099 1178 1201 1220 quae
1229 1166 1280 1206 ad
1309 1166 1527 1218 antiquita⁶

211 1239 533 1292 temspeetabat
558 1243 600 1280 et
627 1241 670 1280 in
697 1239 944 1280 carminibus
972 1244 1181 1292 poetarum
1207 1243 1249 1280 et
1267 1241 1392 1279 inore
1419 1239 1528 1289 vulgi

212 1312 369 1354 fabulis
393 1313 624 1366 mythisque
652 1313 796 1354 obruta
822 1314 962 1354 inerat.
1009 1313 1085 1361 Qui
1111 1312 1235 1363 igitur
1261 1312 1365 1353 hano
1394 1325 1527 1352 rerum

211 1390 417 1437 gestarum
443 1389 601 1438 partem
629 1387 884 1435 tractandam
912 1386 990 1426 sibi
1017 1389 1274 1438 sumpserunt
1283 1396 1295 1434 ,‘
1335 1398 1416 1425 non
1451 1398 1524 1438 po-

210 1462 375 1501 tuerunt
400 1469 482 1501 non
507 1458 581 1500 hos
608 1454 741 1501 fontes
778 1459 838 1500 ita
874 1460 1008 1512 sequi,
1051 1463 1097 1499 ut
1124 1472 1193 1499 eos
1231 1463 1419 1500 aecurate
1457 1472 1528 1500 ex-

210 1527 434 1573 scriberent
457 1545 679 1585 versusque
704 1534 747 1573 in
775 1533 998 1573 orationem
1025 1529 1251 1584 pedestrem
1289 1534 1529 1573 transdueess

211 1608 314 1647 rent.
366 1606 427 1647 Ne
453 1604 558 1646 hanc
586 1606 774 1646 servilem
802 1606 1006 1647 scribendi
1042 1606 1311 1646 conditionem
1340 1607 1528 1648 condem-

173 1670 178 1675 ’
209 1690 364 1727 nemus,
391 1679 609 1719 tenendum
637 1683 711 1728 est,
738 1678 1080 1732 logographorum
1109 1679 1297 1732 aequales
1334 1680 1383 1720 de
1411 1681 1536 1720 fabu*

210 1751 266 1792 lis·
290 1751 519 1804 mythisque
544 1764 627 1791 non
653 1752 771 1792 modo
802 1765 883 1792 non
912 1752 1139 1800 dubitasse,
1177 1753 1248 1792 sed
1283 1754 1357 1798 iis,
1399 1755 1526 1806 quan-

208 1827 296 1865 tum
332 1822 386 1864 ad
424 1824 606 1877 ipsorum
643 1825 817 1866 maiores
853 1828 893 1866 et
928 1825 1082 1877 patrias
1126 1825 1241 1865 sedes
1282 1830 1525 1878 spectarent,

213 1896 407 1948 gloriatos
431 1909 531 1937 esse.
570 1897 659 1938 Hue
686 1899 866 1945 accedit,
906 1898 1014 1949 quod
1040 1886 1346 1950 'antiquissimae
1374 1901 1424 1939 de
1451 1912 1524 1952 po-

206 1969 395 2023 pulorum
421 1970 587 2021 origine,
614 1971 665 2012 de
692 1970 858 2011 urbibus
895 1971 1068 2011 conditis
1082 2004 1091 2020 ,
1136 1972 1185 2012 de
1212 1970 1378 2012 heroum
1405 1973 1524 2014 rebus

210 2043 337 2095 gestis
360 2044 613 2084 narrationes
651 2056 744 2085 eum
782 2044 860 2084 diis
897 2044 996 2096 ipsis
1032 2044 1091 2084 ita
1128 2045 1365 2085 coniunctae
1396 2048 1524 2094 erant,

206 2119 253 2157 ut
277 2116 328 2157 iis
356 2117 632 2158 contradieere
662 2117 902 2170 logographi
941 2118 1091 2169 pietate
1133 2119 1427 2170 quodammodo
1454 2133 1524 2160 ve-

206 2192 399 2231 tarentun
429 2190 510 2232 Sed
536 2191 661 2232 etiam
687 2190 768 2233 illis
798 2191 960 2241 fabulis,
990 2204 1091 2245 quas
1120 2192 1296 2233 refutare
1323 2197 1363 2234 et
1390 2206 1524 2235 emen-

206 2264 305 2305 dare
330 2263 499 2313 lioebat,
538 2265 780 2319 logographi
818 2270 889 2307 aut
923 2267 1003 2318 ipsi
1045 2254 1173 2307 fidem*
1193 2266 1415 2314 habebant,
1454 2272 1524 2307 aut

209 2336 431 2378 haerebant
457 2337 582 2389 dubii,
611 2351 701 2380 eum
729 2340 860 2380 omnis
888 2338 960 2379 illa
987 2330 1103 2380 aetas
1133 2340 1249 2392 quasi
1277 2340 1319 2379 in
1347 2340 1523 2381 diluculo

207 2410 313 2450 inter
339 2411 534 2462 puerilem
562 2412 725 2452 illarum
751 2412 983 2453 fabularum
1010 2414 1128 2454 fidem
1157 2414 1430 2465 orientemque
1456 2426 1522 2454 ra-

193 2482 328 2523 tionis
356 2483 593 2525 facultatem
621 2485 754 2538 posita
781 2489 899 2528 esset.
