1718 2859
689 121 1002 160 -10-

181 232 283 273 quae
312 219 442 262 elucet
471 221 512 260 in
542 223 723 279 consilio,
754 225 1047 277 compositione
1066 256 1077 274 ‚
1107 226 1333 268 elocutione
1362 230 1509 271 carmi—

179 293 589 334 numHomericorum
619 297 661 335 in
689 298 854 349 eiusque
884 298 1016 339 locum
1033 301 1232 341 successit
1256 301 1365 341 sicca
1387 314 1510 354 quae-

178 366 272 407 dam
302 366 530 420 quotidiani
557 371 760 411 sermonis
798 371 1007 414 simillima
1045 374 1238 414 narratio.
1295 374 1349 416 Ut
1375 374 1507 417 Hora-

178 441 279 479 tiani
305 442 498 492 temporis
537 442 709 484 Romani
738 446 914 485 nummis
953 447 1145 487 virtutem
1174 450 1505 500 postposuerunt,

176 512 236 553 ita
264 513 348 556 fere
376 517 417 554 et
447 514 708 569 cyclographi
736 529 956 571 eorumque
986 521 1191 561 auditores
1211 532 1371 574 semper
1398 534 1505 562 sem-

176 598 328 639 perque
357 599 422 626 res
449 592 588 636 gestas
619 591 853 642 poscebant,
883 594 1151 633 enarrationis
1179 594 1370 635 virtutem
1381 595 1502 647 plane

123 678 128 681 ·
176 659 262 698 fere
291 660 544 716 omittebant.
573 662 684 702 Satis
714 664 798 702 iam
827 664 1045 713 habebant,
1075 666 1183 718 quod
1199 666 1298 707 haec
1321 668 1506 707 carmi-na

176 733 301 773 suetis
340 734 518 774 numeris
562 736 866 786 recitabantur,
924 739 1118 779 amissam
1163 738 1528 791 pulchritudinem·

178 810 299 858 atque
331 807 505 847 colorem
532 803 670 858 illum,
714 812 782 862 qui
805 811 981 852 Homero
1019 812 1148 852 adhuc
1175 817 1332 854 mentes
1369 814 1503 854 eonci-

177 880 264 930 liat,
293 894 375 921 non
404 882 662 935 quaerebant.
692 883 831 937 Itaque
862 886 944 925 iam
977 885 1218 926 Aristoteles
1247 899 1386 927 eorum
1414 899 1503 927 car-

177 955 290 993 mina
319 955 465 994 divinis
493 956 661 997 Homeri
690 958 876 1009 operibus
905 959 1022 1008 longe
1050 960 1257 1011 postponit
1286 961 1504 1012 reprehen-

179 1027 315 1079 ditque
353 1025 448 1076 τοὺς
486 1027 671 1077 πολλοὺς
705 1032 787 1069 τῶν
833 1033 1040 1084 ποιητῶν,
1098 1032 1204 1084 quod
1245 1032 1505 1073 historiarum

176 1101 298 1140 modo
328 1106 568 1151 argumenta
610 1109 895 1155 componerent
908 1121 917 1152 ;
974 1117 1074 1156 quos
1114 1109 1249 1144 autem
1285 1106 1329 1145 in
1367 1107 1503 1146 animo

176 1174 363 1215 habuerit
389 1179 543 1228 poetas,
587 1177 682 1217 inde
713 1176 983 1227 colligendum
1023 1190 1112 1217 esse
1148 1181 1267 1230 puto,
1315 1179 1421 1231 quod
1449 1176 1504 1229 vde

176 1244 344 1301 Κύπρια
376 1248 493 1288 affert
523 1252 562 1288 et
589 1247 666 1302 τὴν
696 1248 848 1304 μικρὰν
877 1248 1100 1301 ἸλιᾶὅαῙ).

289 1322 542 1373 Cyclicorum
570 1323 707 1373 igitur,
739 1324 807 1374 qui
837 1324 987 1363 omissa
1016 1325 1177 1376 poetica
1203 1325 1376 1365 veritate
1393 1325 1504 1365 solas

175 1406 241 1434 res
271 1398 475 1446 spectent,
518 1396 700 1435 carmina
739 1396 820 1434 iam
860 1398 1026 1448 propius
1067 1397 1119 1436 ad
1150 1396 1361 1437 historiam
1389 1409 1506 1437 acce-

178 1468 272 1507 dere
303 1469 463 1507 omnino
495 1481 573 1507 non
602 1472 664 1508 est
700 1470 941 1518 negandum.
998 1470 1174 1510 Tantum
1214 1473 1348 1510 autem
1378 1470 1506 1519 abest,

176 1544 221 1580 ut
248 1541 508 1580 historiarum
538 1542 698 1581 nomine
729 1542 853 1591 digna
881 1543 974 1589 sint,
1007 1546 1051 1582 ut
1068 1542 1312 1582 carminibus
1339 1555 1386 1582 ea
1400 1556 1507 1583 sem·-

177 1626 253 1665 per
281 1615 608 1654 adnumeremus.
679 1613 944 1664 Promulgant
980 1615 1085 1654 enim
1112 1628 1245 1655 meras
1273 1615 1359 1655 fere
1387 1615 1506 1655 fabu-

176 1687 238 1727 las
268 1691 387 1738 atque
415 1687 573 1737 mythos
603 1688 865 1738 undecunque
894 1688 1084 1728 collectos
1113 1689 1198 1728 sine
1227 1689 1307 1728 ullo
1336 1692 1406 1728 aut
1435 1702 1503 1729 ve—

176 1760 312 1799 ritatis
342 1760 476 1799 studio
509 1763 579 1800 aut
610 1763 696 1800 arte
726 1761 879 1800 critica.

279 1833 338 1872 Eo
367 1837 501 1873 autem
529 1837 732 1885 tempore,
764 1840 839 1885 quo
868 1847 1003 1873 rerum
1031 1837 1236 1884 gestarum
1257 1847 1355 1874 cura
1384 1838 1506 1887 atque

175 1907 371 1946 memoria
399 1907 439 1945 in
470 1906 720 1957 cyclicorum
751 1920 818 1946 ore
847 1908 945 1954 fuit,
974 1902 1039 1946 res
1069 1906 1315 1946 Graecorum
1345 1909 1387 1946 in
1417 1908 1503 1946 dies

176 1980 308 2029 magis
341 1983 567 2019 crescentes
609 1992 704 2032 opes
748 1983 867 2030 atque
907 1981 1010 2018 vires
1041 1984 1161 2018 antea
1188 1981 1405 2019 inusitatas
1437 1992 1502 2019 ce-

175 2055 341 2103 perunt,
383 2053 511 2104 iisque
549 2053 724 2092 nitentes
763 2056 883 2104 atque
920 2053 1097 2092 fruentes
1133 2055 1240 2091 artes
1280 2065 1437 2105 quoque
1466 2056 1507 2092 et

179 2190 221 2227 ὡς
245 2193 306 2222 ‘roz
343 2189 463 2221 ἑτικοῦ
499 2187 628 2221 κύκλου
666 2189 706 2221 τᾶ
744 2188 915 2231 roduam-ra
951 2189 1153 2230 διασώζεται
1189 2189 1242 2221 καὶ
1278 2189 1506 2230 σπουδάζεται

177 2254 248 2292 τοῖς
283 2253 427 2292 πολλοῖς
453 2251 522 2296 οὐχ
546 2248 632 2285 offro:
658 2253 709 2285 διὰ
733 2254 791 2292 τὴν
824 2253 943 2298 ἀρετ-ἧν
969 2255 1009 2291 οἷς
1033 2253 1083 2285 διὰ
1110 2252 1169 2291 τὴν
1203 2253 1413 2285 ἀκολουθίαν
1438 2256 1504 2284 ’ῐῶν

178 2316 212 2347 ἐν
235 2315 325 2356 αὐτῷ
340 2314 552 2359 πραγμάτων
580 2315 711 2355 (ΡΙιοιίί
736 2315 919 2347 bibliothec.
938 2326 970 2356 ῃ.
995 2316 1056 2347 521
1082 2315 1131 2346 ed.
1158 2315 1345 2353 Hoeschel).

262 2378 297 2418 1)
333 2378 374 2409 cf.
400 2377 586 2410 Aristotelis
616 2378 762 2419 poeticae
798 2378 829 2419 ξ.
854 2378 895 2411 38
918 2377 967 2409 ed.
995 2378 1190 2419 Tyrrwhitt3
1235 2379 1300 2409 tota
1326 2377 1345 2419 ς
1369 2376 1502 2418 legenda

177 2444 235 2472 est.

1680 105 1682 109 -
1662 68 1690 73 ἶ
1656 0 1692 62 «Ε’,ξι-Ᾱῂ

1709 116 1714 123 .,
1690 0 1718 93 ἔὲᾸῖᾷἔὶῖΊ
