1718 2859
672 228 751 242 ⁷-—
832 208 881 249 61
931 198 934 201 ’
971 228 1023 239 —-

162 305 164 307 ’
198 314 353 368 cunque
372 313 536 355 iratione
564 317 842 367 perceperant,
871 307 1514 363 diligentercongerereet-char-'

195 389 250 430 tis
277 389 481 430 mandare.
523 388 660 441 Neque
689 383 825 428 tamen
852 386 965 428 nulla
989 385 1091 426 artis
1131 383 1297 425 criticae
1326 382 1511 432 vestigia,

194 468 289 501 rara
318 462 390 501 illa
418 461 578 513 quidem
607 468 646 500 et
671 462 838 508 ineerta,
868 460 975 511 apud
1004 470 1072 497 eos
1099 457 1339 496 invenimus.
1379 455 1512 505 Logo-

196 533 369 587 graphos
399 535 557 587 excepit
593 529 838 581 Herodotus,
881 532 949 584 qui
987 530 1146 581 ingenio
1184 528 1510 581 praeclarissimo

197 608 403 658 praeditus
432 611 472 646 et
500 587 799 658 opportunitate
827 604 1020 654 temporis
1048 603 1207 641 adiutus
1236 601 1396 641 illorum
1424 602 1511 652 qui-

196 679 292 721 dem
320 679 500 728 vestigiis
530 690 766 729 progressus
795 677 894 716 vitia
922 676 1079 723 minuit,
1108 676 1277 714 virtutes
1304 675 1363 713 ita
1386 675 1514 721 auxit,

198 754 244 789 ut
272 752 357 789 iure
385 754 502 801 pater
529 749 720 788 historiae
749 749 801 788 sit
830 747 1106 800 appellandus.

306 823 489 870 Diutius,
519 834 641 874 quam
669 821 834 869 Graeci,
877 832 973 859 vera
1007 820 1178 859 historia
1214 820 1407 859 carebant
1435 820 1513 859 Ro—

201 896 324 943 mani,
354 896 397 935 id
423 895 529 947 quod
558 896 599 934 in
626 895 834 945 utriusque
863 892 1001 945 populi
1028 893 1187 942 ingenio
1216 897 1257 931 et
1287 894 1394 932 vitae
1423 905 1517 933 con-

200 954 353 1009 ditione
389 969 565 1020 positum
592 980 681 1007 esse
708 966 979 1018 exposuimus.
1007 966 1128 1016 Apud
1155 965 1354 1005 Romanos
1383 971 1518 1007 aut-em

203 1042 335 1080 minus
367 1032 611 1080 carminibus
638 1043 680 1079 et
705 1040 798 1079 viva
838 1051 936 1078 voce
971 1050 1034 1077 res
1073 1042 1210 1088 gestae
1238 1039 1517 1085 tradebantur,

206 1126 327 1165 quam
354 1126 397 1153 re
444 1113 606 1165 publlca
641 1112 934 1164 quodammodo
972 1115 1135 1150 auctore
1178 1113 1446 1151 monumentis
1482 1117 1523 1153 et

205 1186 459 1226 sacerdotum
487 1185 601 1224 libris
637 1184 913 1224 servabantur.
968 1184 1053 1223 Tali
1091 1185 1209 1224 modo
1248 1185 1367 1225 rebus
1394 1187 1519 1236 gestis

206 1260 379 1299 servatis
416 1258 586 1298 Romani
623 1258 818 1297 bellorum
855 1258 1121 1305 gerendorum
1158 1262 1199 1297 et
1225 1270 1360 1297 rerum
1387 1259 1521 1310 publi-

162 1384 165 1387 ·
207 1344 346 1372 carum
375 1343 472 1371 cura
501 1331 687 1383 occupati
723 1332 871 1371 iustam
907 1330 1116 1370 historiam
1153 1331 1222 1370 diu
1255 1334 1335 1370 n'on
1364 1332 1520 1372 deside-

208 1405 366 1444 rabant.
421 1405 529 1451 Quae
552 1417 643 1443 cum
672 1409 799 1455 „post
840 1403 989 1441 Punica
1027 1404 1186 1442 demum
1222 1404 1326 1443 bella
1340 1408 1365 1424 “
1401 1406 1521 1445 condi

210 1481 353 1529 coepta
380 1481 507 1525 esset,
545 1476 881 1528 logographorum
908 1476 1016 1528 apud
1044 1475 1220 1516 Graecos
1248 1476 1456 1528 operibus,
1486 1480 1522 1519 si
1545 1474 1550 1478 ’

210 1551 398 1591 dictionis
425 1553 466 1590 et
492 1551 792 1602 compositionis
822 1554 950 1588 artem
975 1550 1156 1601 respicis,
1183 1549 1390 1590 simillima
1413 1557 1522 1600 erat;

207 1623 242 1663 si
270 1624 323 1663 ad
350 1623 561 1663 veritatem
587 1624 783 1674 fidemque
802 1625 975 1674 spectas,
1005 1622 1124 1662 facile
1138 1622 1382 1663 Graecorum
1400 1637 1524 1676 opera

213 1695 443 1748 superabat.
484 1696 603 1736 Cuius
628 1696 692 1735 'rei
720 1708 843 1735 causa
869 1708 960 1736 cum
988 1696 1031 1735 in
1058 1695 1196 1736 multis
1225 1696 1336 1745 aliis,
1379 1698 1523 1749 quibus

214 1769 513 1808 adiuvabantur
542 1768 723 1814 Romani.
752 1768 893 1815 rebus,
922 1772 1006 1807 tum
1030 1769 1072 1807 in
1100 1781 1146 1808 eo
1175 1769 1255 1807 sita
1283 1772 1391 1817 erat,
1420 1771 1527 1822 quod

212 1841 385 1900 aiiarum
412 1840 591 1891 gentium
620 1841 812 1881 incuriosi
848 1841 931 1881 suis
968 1844 1124 1881 tantum
1161 1841 1278 1881 rebus
1307 1842 1526 1884 condendis

212 1927 379 1967 operam
407 1915 616 1955 dederunt.
646 1915 725 1954 Sed
753 1915 1020 1954 Romanorum
1049 1927 1205 1966 quoque
1232 1915 1292 1954 illi
1321 1915 1526 1956 annalium

210 1988 432 2040 scriptores
469 1988 570 2027 artis
612 1988 775 2028 criticae
811 1999 892 2027 non
917 1988 996 2027 nisi
1030 2000 1157 2040 parva
1191 1987 1308 2028 initia
1334 1989 1377 2028 in
1403 1988 1529 2030 histo-

217 2061 323 2100 riam
349 2060 596 2101 adhibebant
632 2064 672 2100 et
709 2061 1022 2100 narratiunculis
1058 2060 1254 2100 fabulosis
1291 2061 1398 2101 haud
1436 2074 1527 2102 raro

214 2132 501 2183 indulgebant3
555 2145 633 2185 quo
670 2133 715 2172 fit
751 2137 796 2173 ut
828 2133 1020 2173 historiae
1059 2133 1263 2173 Romanae
1310 2134 1531 2185 primordia

218 2218 345 2258 aeque
373 2207 456 2246 fere
486 2218 533 2245 ac
561 2206 808 2245 Graecorum
835 2205 1061 2246 fabulosam
1083 2218 1179 2257 prae
1208 2218 1250 2246 se
1277 2207 1411 2246 ferant
1439 2219 1529 2259 spe·

218 2278 333 2328 ciem,
362 2279 434 2319 sed
461 2291 562 2327 eam,
590 2278 739 2319 fabulis
768 2291 848 2319 non
878 2291 898 2319 e
927 2280 1041 2331 poesi
1067 2279 1247 2327 haustis,
1274 2280 1407 2321 minus
1436 2293 1531 2332 poe-

216 2352 362 2401 ticam,
408 2365 528 2405 quam
556 2365 627 2405 pro
655 2353 813 2402 ingenio
842 2352 980 2405 populi
1022 2353 1272 2405 fontiumque
1299 2357 1445 2393 natura
1470 2365 1534 2393 re-

216 2422 417 2475 ligiosam.
474 2425 623 2474 Quibus
652 2426 694 2466 in
721 2426 848 2466 initiis
873 2426 941 2466 diu
969 2431 1130 2467 versata
1156 2426 1325 2468 historia
1353 2426 1534 2467 Romana
