<?xml version="1.0" encoding="UTF-8"?>
<!DOCTYPE html PUBLIC "-//W3C//DTD XHTML 1.0 Transitional//EN"
    "http://www.w3.org/TR/xhtml1/DTD/xhtml1-transitional.dtd">
<html xmlns="http://www.w3.org/1999/xhtml" xml:lang="en" lang="en">
 <head>
  <title>
</title>
<meta http-equiv="Content-Type" content="text/html;charset=utf-8" />
  <meta name='ocr-system' content='tesseract 3.04.00' />
  <meta name='ocr-capabilities' content='ocr_page ocr_carea ocr_par ocr_line ocrx_word'/>
</head>
<body>
  <div class='ocr_page' id='page_1' title='image "4737175_0026.png"; bbox 0 0 1718 2859; ppageno 0'>
   <div class='ocr_carea' id='block_1_1' title="bbox 702 154 1021 192">
    <p class='ocr_par' dir='ltr' id='par_1_1' title="bbox 702 154 1021 192">
     <span class='ocr_line' id='line_1_1' title="bbox 702 154 1021 192; baseline 0.006 -11"><span class='ocrx_word' id='word_1_1' title='bbox 702 154 1021 192; x_wconf 62' lang='grc'>...49-</span> 
     </span>
    </p>
   </div>
   <div class='ocr_carea' id='block_1_2' title="bbox 169 242 1573 2286">
    <p class='ocr_par' dir='ltr' id='par_1_2' title="bbox 199 242 1573 817">
     <span class='ocr_line' id='line_1_2' title="bbox 206 242 1535 312; baseline 0.011 -22"><span class='ocrx_word' id='word_1_2' title='bbox 206 242 431 308; x_wconf 69' lang='grc' dir='ltr'>Εὖρυσθὲα</span> <span class='ocrx_word' id='word_1_3' title='bbox 450 255 498 306; x_wconf 66' lang='lat' dir='ltr'>F).</span> <span class='ocrx_word' id='word_1_4' title='bbox 546 256 741 296; x_wconf 84' lang='lat' dir='ltr'>Conferas</span> <span class='ocrx_word' id='word_1_5' title='bbox 772 259 892 297; x_wconf 81' lang='lat' dir='ltr'>etiam</span> <span class='ocrx_word' id='word_1_6' title='bbox 922 260 1066 309; x_wconf 85' lang='lat' dir='ltr'>fragm.</span> <span class='ocrx_word' id='word_1_7' title='bbox 1096 261 1187 308; x_wconf 84' lang='lat'><strong>349,</strong></span> <span class='ocrx_word' id='word_1_8' title='bbox 1216 271 1292 312; x_wconf 85' lang='lat' dir='ltr'>qno</span> <span class='ocrx_word' id='word_1_9' title='bbox 1322 262 1424 303; x_wconf 89' lang='lat' dir='ltr'>dicit</span> <span class='ocrx_word' id='word_1_10' title='bbox 1453 260 1535 304; x_wconf 87' lang='lat' dir='ltr'>He-</span> 
     </span>
     <span class='ocr_line' id='line_1_3' title="bbox 204 325 1532 383; baseline 0.008 -18"><span class='ocrx_word' id='word_1_11' title='bbox 204 329 382 375; x_wconf 82' lang='lat' dir='ltr'>cataeus,</span> <span class='ocrx_word' id='word_1_12' title='bbox 411 326 627 368; x_wconf 74' lang='lat' dir='ltr'>Herculem</span> <span class='ocrx_word' id='word_1_13' title='bbox 655 325 738 369; x_wconf 88' lang='lat' dir='ltr'>non</span> <span class='ocrx_word' id='word_1_14' title='bbox 757 341 806 369; x_wconf 88' lang='lat' dir='ltr'>ex</span> <span class='ocrx_word' id='word_1_15' title='bbox 836 329 1041 383; x_wconf 84' lang='lat' dir='ltr'>Iberorum</span> <span class='ocrx_word' id='word_1_16' title='bbox 1069 333 1246 383; x_wconf 81' lang='lat' dir='ltr'>regione,</span> <span class='ocrx_word' id='word_1_17' title='bbox 1277 335 1347 374; x_wconf 86' lang='lat' dir='ltr'>sed</span> <span class='ocrx_word' id='word_1_18' title='bbox 1366 347 1416 374; x_wconf 81' lang='lat' dir='ltr'>ex</span> <span class='ocrx_word' id='word_1_19' title='bbox 1436 348 1532 376; x_wconf 84' lang='lat' dir='ltr'>con-</span> 
     </span>
     <span class='ocr_line' id='line_1_4' title="bbox 205 397 1573 459; baseline 0.005 -20"><span class='ocrx_word' id='word_1_20' title='bbox 205 399 372 448; x_wconf 84' lang='lat' dir='ltr'>tinente,</span> <span class='ocrx_word' id='word_1_21' title='bbox 403 397 506 452; x_wconf 84' lang='lat' dir='ltr'>quae</span> <span class='ocrx_word' id='word_1_22' title='bbox 536 402 647 442; x_wconf 87' lang='lat' dir='ltr'>circa</span> <span class='ocrx_word' id='word_1_23' title='bbox 673 402 936 443; x_wconf 81' lang='lat' dir='ltr'><strong>Ambraciam</strong></span> <span class='ocrx_word' id='word_1_24' title='bbox 965 408 1007 445; x_wconf 92' lang='lat' dir='ltr'>et</span> <span class='ocrx_word' id='word_1_25' title='bbox 1032 406 1428 459; x_wconf 76' lang='lat' dir='ltr'>Amphilochos&#39;sit,</span> <span class='ocrx_word' id='word_1_26' title='bbox 1461 409 1531 449; x_wconf 84' lang='lat' dir='ltr'>bo-</span> <span class='ocrx_word' id='word_1_27' title='bbox 1571 444 1573 446; x_wconf 76' lang='grc'>,</span> 
     </span>
     <span class='ocr_line' id='line_1_5' title="bbox 203 470 1531 533; baseline 0.008 -21"><span class='ocrx_word' id='word_1_28' title='bbox 203 483 273 512; x_wconf 82' lang='lat' dir='ltr'>ves</span> <span class='ocrx_word' id='word_1_29' title='bbox 304 473 496 527; x_wconf 83' lang='lat' dir='ltr'>abreptas</span> <span class='ocrx_word' id='word_1_30' title='bbox 526 470 693 515; x_wconf 81' lang='lat' dir='ltr'>duxisse</span> <span class='ocrx_word' id='word_1_31' title='bbox 721 488 850 528; x_wconf 91' lang='lat' dir='ltr'>neque</span> <span class='ocrx_word' id='word_1_32' title='bbox 880 476 986 517; x_wconf 87' lang='lat' dir='ltr'>hunc</span> <span class='ocrx_word' id='word_1_33' title='bbox 1001 478 1181 519; x_wconf 87' lang='lat' dir='ltr'>laborem</span> <span class='ocrx_word' id='word_1_34' title='bbox 1195 481 1319 520; x_wconf 86' lang='lat' dir='ltr'>fuisse</span> <span class='ocrx_word' id='word_1_35' title='bbox 1347 494 1531 533; x_wconf 85' lang='lat' dir='ltr'>parvum.</span> 
     </span>
     <span class='ocr_line' id='line_1_6' title="bbox 201 543 1532 604; baseline 0.007 -18"><span class='ocrx_word' id='word_1_36' title='bbox 201 545 438 588; x_wconf 81' lang='lat' dir='ltr'>Hellanicus</span> <span class='ocrx_word' id='word_1_37' title='bbox 467 543 784 589; x_wconf 64' lang='lat' dir='ltr'>autem‘contra</span> <span class='ocrx_word' id='word_1_38' title='bbox 819 550 1029 600; x_wconf 83' lang='lat' dir='ltr'>vulgatam</span> <span class='ocrx_word' id='word_1_39' title='bbox 1066 551 1293 604; x_wconf 80' lang='lat' dir='ltr'>opinionem</span> <span class='ocrx_word' id='word_1_40' title='bbox 1322 554 1532 595; x_wconf 77' lang='lat' dir='ltr'>contendit</span> 
     </span>
     <span class='ocr_line' id='line_1_7' title="bbox 202 618 1531 674; baseline 0.006 -16"><span class='ocrx_word' id='word_1_41' title='bbox 202 618 365 661; x_wconf 83' lang='lat' dir='ltr'>Troiam</span> <span class='ocrx_word' id='word_1_42' title='bbox 395 631 420 659; x_wconf 92' lang='lat' dir='ltr'>a</span> <span class='ocrx_word' id='word_1_43' title='bbox 449 620 615 661; x_wconf 85' lang='lat' dir='ltr'>Graecis</span> <span class='ocrx_word' id='word_1_44' title='bbox 644 634 852 674; x_wconf 88' lang='lat' dir='ltr'>nunquam</span> <span class='ocrx_word' id='word_1_45' title='bbox 879 623 1064 664; x_wconf 86' lang='lat' dir='ltr'>funditus</span> <span class='ocrx_word' id='word_1_46' title='bbox 1094 638 1301 674; x_wconf 89' lang='lat' dir='ltr'>eversam,</span> <span class='ocrx_word' id='word_1_47' title='bbox 1332 627 1404 666; x_wconf 90' lang='lat' dir='ltr'>sed</span> <span class='ocrx_word' id='word_1_48' title='bbox 1433 634 1531 666; x_wconf 82' lang='lat' dir='ltr'>suae</span> 
     </span>
     <span class='ocr_line' id='line_1_8' title="bbox 200 693 1532 750; baseline 0.006 -18"><span class='ocrx_word' id='word_1_49' title='bbox 200 693 348 733; x_wconf 84' lang='lat' dir='ltr'>aetatis</span> <span class='ocrx_word' id='word_1_50' title='bbox 385 693 527 734; x_wconf 90' lang='lat' dir='ltr'>urbem</span> <span class='ocrx_word' id='word_1_51' title='bbox 564 696 733 736; x_wconf 90' lang='lat' dir='ltr'>eandem</span> <span class='ocrx_word' id='word_1_52' title='bbox 772 709 879 745; x_wconf 87' lang='lat' dir='ltr'>esse,</span> <span class='ocrx_word' id='word_1_53' title='bbox 931 710 1052 750; x_wconf 90' lang='lat' dir='ltr'>quam</span> <span class='ocrx_word' id='word_1_54' title='bbox 1093 697 1238 739; x_wconf 86' lang='lat' dir='ltr'>Graeci</span> <span class='ocrx_word' id='word_1_55' title='bbox 1279 699 1375 739; x_wconf 91' lang='lat' dir='ltr'>olim</span> <span class='ocrx_word' id='word_1_56' title='bbox 1407 700 1532 740; x_wconf 86' lang='lat' dir='ltr'>-obse-</span> 
     </span>
     <span class='ocr_line' id='line_1_9' title="bbox 199 765 960 817; baseline 0.003 -12"><span class='ocrx_word' id='word_1_57' title='bbox 199 765 368 806; x_wconf 79' lang='lat' dir='ltr'>dissent.</span> <span class='ocrx_word' id='word_1_58' title='bbox 956 814 960 817; x_wconf 44' lang='lat'>.</span> 
     </span>
    </p>

    <p class='ocr_par' dir='ltr' id='par_1_3' title="bbox 169 840 1530 1835">
     <span class='ocr_line' id='line_1_10' title="bbox 302 840 1530 897; baseline 0.005 -17"><span class='ocrx_word' id='word_1_59' title='bbox 302 840 384 881; x_wconf 86' lang='lat' dir='ltr'>Sed</span> <span class='ocrx_word' id='word_1_60' title='bbox 412 844 458 882; x_wconf 86' lang='lat' dir='ltr'>ut</span> <span class='ocrx_word' id='word_1_61' title='bbox 486 842 536 882; x_wconf 89' lang='lat' dir='ltr'>de</span> <span class='ocrx_word' id='word_1_62' title='bbox 563 843 639 882; x_wconf 90' lang='lat' dir='ltr'>fide</span> <span class='ocrx_word' id='word_1_63' title='bbox 669 846 790 895; x_wconf 86' lang='lat' dir='ltr'>atque</span> <span class='ocrx_word' id='word_1_64' title='bbox 819 844 1063 885; x_wconf 84' lang='lat' dir='ltr'>auctoritate</span> <span class='ocrx_word' id='word_1_65' title='bbox 1098 844 1442 897; x_wconf 87' lang='lat' dir='ltr'>logographorum</span> <span class='ocrx_word' id='word_1_66' title='bbox 1468 847 1530 887; x_wconf 81' lang='lat' dir='ltr'>iu-</span> 
     </span>
     <span class='ocr_line' id='line_1_11' title="bbox 196 914 1527 971; baseline 0.006 -19"><span class='ocrx_word' id='word_1_67' title='bbox 196 916 303 953; x_wconf 83' lang='lat' dir='ltr'>stam</span> <span class='ocrx_word' id='word_1_68' title='bbox 330 914 437 954; x_wconf 85' lang='lat' dir='ltr'>ferre</span> <span class='ocrx_word' id='word_1_69' title='bbox 464 915 668 968; x_wconf 89' lang='lat' dir='ltr'>possimus</span> <span class='ocrx_word' id='word_1_70' title='bbox 698 917 961 965; x_wconf 86' lang='lat' dir='ltr'>sententiam,</span> <span class='ocrx_word' id='word_1_71' title='bbox 991 917 1168 958; x_wconf 87' lang='lat' dir='ltr'>breviter</span> <span class='ocrx_word' id='word_1_72' title='bbox 1196 919 1350 967; x_wconf 83' lang='lat' dir='ltr'>fontes,</span> <span class='ocrx_word' id='word_1_73' title='bbox 1382 919 1527 971; x_wconf 89' lang='lat' dir='ltr'>quibus</span> 
     </span>
     <span class='ocr_line' id='line_1_12' title="bbox 196 986 1526 1045; baseline 0.006 -20"><span class='ocrx_word' id='word_1_74' title='bbox 196 986 259 1026; x_wconf 90' lang='lat' dir='ltr'>usi</span> <span class='ocrx_word' id='word_1_75' title='bbox 288 988 382 1036; x_wconf 82' lang='lat' dir='ltr'>sint,</span> <span class='ocrx_word' id='word_1_76' title='bbox 410 990 700 1030; x_wconf 81' lang='lat' dir='ltr'>examinemus.</span> <span class='ocrx_word' id='word_1_77' title='bbox 756 990 939 1030; x_wconf 84' lang='lat' dir='ltr'>Maxima</span> <span class='ocrx_word' id='word_1_78' title='bbox 975 994 1111 1031; x_wconf 87' lang='lat' dir='ltr'>autem</span> <span class='ocrx_word' id='word_1_79' title='bbox 1152 1004 1202 1031; x_wconf 84' lang='lat' dir='ltr'>ex</span> <span class='ocrx_word' id='word_1_80' title='bbox 1240 995 1355 1044; x_wconf 67' lang='lat' dir='ltr'>parte</span> <span class='ocrx_word' id='word_1_81' title='bbox 1384 997 1526 1045; x_wconf 87' lang='lat' dir='ltr'>poetas</span> 
     </span>
     <span class='ocr_line' id='line_1_13' title="bbox 197 1059 1527 1116; baseline 0.005 -16"><span class='ocrx_word' id='word_1_82' title='bbox 197 1059 248 1099; x_wconf 84' lang='lat' dir='ltr'>ab</span> <span class='ocrx_word' id='word_1_83' title='bbox 279 1060 329 1100; x_wconf 92' lang='lat' dir='ltr'>iis</span> <span class='ocrx_word' id='word_1_84' title='bbox 357 1063 587 1114; x_wconf 83' lang='lat' dir='ltr'>exscriptas</span> <span class='ocrx_word' id='word_1_85' title='bbox 617 1076 706 1103; x_wconf 87' lang='lat' dir='ltr'>esse</span> <span class='ocrx_word' id='word_1_86' title='bbox 748 1066 920 1103; x_wconf 90' lang='lat' dir='ltr'>constat.</span> <span class='ocrx_word' id='word_1_87' title='bbox 975 1063 1035 1103; x_wconf 93' lang='lat' dir='ltr'>De</span> <span class='ocrx_word' id='word_1_88' title='bbox 1074 1077 1243 1116; x_wconf 86' lang='lat' dir='ltr'>quorum</span> <span class='ocrx_word' id='word_1_89' title='bbox 1285 1067 1527 1109; x_wconf 84' lang='lat' dir='ltr'>auctoritate</span> 
     </span>
     <span class='ocr_line' id='line_1_14' title="bbox 194 1135 1526 1188; baseline 0.004 -14"><span class='ocrx_word' id='word_1_90' title='bbox 194 1146 286 1174; x_wconf 88' lang='lat' dir='ltr'>cum</span> <span class='ocrx_word' id='word_1_91' title='bbox 314 1135 397 1175; x_wconf 90' lang='lat' dir='ltr'>iam</span> <span class='ocrx_word' id='word_1_92' title='bbox 425 1147 550 1188; x_wconf 89' lang='lat' dir='ltr'>supra</span> <span class='ocrx_word' id='word_1_93' title='bbox 577 1135 773 1176; x_wconf 87' lang='lat' dir='ltr'>nonnulla</span> <span class='ocrx_word' id='word_1_94' title='bbox 801 1135 1078 1185; x_wconf 87' lang='lat' dir='ltr'>adtulerimus‚</span> <span class='ocrx_word' id='word_1_95' title='bbox 1106 1138 1208 1178; x_wconf 89' lang='lat' dir='ltr'>satis</span> <span class='ocrx_word' id='word_1_96' title='bbox 1225 1137 1422 1178; x_wconf 87' lang='lat' dir='ltr'>habemus</span> <span class='ocrx_word' id='word_1_97' title='bbox 1441 1138 1526 1179; x_wconf 82' lang='lat' dir='ltr'>lec-</span> 
     </span>
     <span class='ocr_line' id='line_1_15' title="bbox 193 1208 1526 1262; baseline 0.004 -16"><span class='ocrx_word' id='word_1_98' title='bbox 193 1211 325 1247; x_wconf 90' lang='lat' dir='ltr'>torem</span> <span class='ocrx_word' id='word_1_99' title='bbox 355 1209 408 1248; x_wconf 90' lang='lat' dir='ltr'>ad</span> <span class='ocrx_word' id='word_1_100' title='bbox 444 1209 517 1250; x_wconf 79' lang='lat' dir='ltr'>illa</span> <span class='ocrx_word' id='word_1_101' title='bbox 560 1221 768 1249; x_wconf 85' lang='lat' dir='ltr'>revocare.</span> <span class='ocrx_word' id='word_1_102' title='bbox 822 1208 993 1248; x_wconf 68' lang='lat' dir='ltr'>Deindev</span> <span class='ocrx_word' id='word_1_103' title='bbox 1018 1208 1159 1262; x_wconf 89' lang='lat' dir='ltr'>populi</span> <span class='ocrx_word' id='word_1_104' title='bbox 1198 1211 1526 1251; x_wconf 83' lang='lat' dir='ltr'>narratiuneulas</span> 
     </span>
     <span class='ocr_line' id='line_1_16' title="bbox 193 1282 1526 1335; baseline 0.003 -16"><span class='ocrx_word' id='word_1_105' title='bbox 193 1292 316 1333; x_wconf 85' lang='lat' dir='ltr'>saepe</span> <span class='ocrx_word' id='word_1_106' title='bbox 340 1282 561 1333; x_wconf 81' lang='lat' dir='ltr'>scriptores</span> <span class='ocrx_word' id='word_1_107' title='bbox 589 1283 651 1322; x_wconf 89' lang='lat' dir='ltr'>illi</span> <span class='ocrx_word' id='word_1_108' title='bbox 679 1283 809 1322; x_wconf 88' lang='lat' dir='ltr'>secuti</span> <span class='ocrx_word' id='word_1_109' title='bbox 837 1285 954 1328; x_wconf 88' lang='lat' dir='ltr'>sunt,</span> <span class='ocrx_word' id='word_1_110' title='bbox 997 1295 1074 1335; x_wconf 91' lang='lat' dir='ltr'>quo</span> <span class='ocrx_word' id='word_1_111' title='bbox 1092 1283 1225 1332; x_wconf 86' lang='lat' dir='ltr'>nihil,</span> <span class='ocrx_word' id='word_1_112' title='bbox 1253 1284 1333 1323; x_wconf 89' lang='lat' dir='ltr'>nisi</span> <span class='ocrx_word' id='word_1_113' title='bbox 1362 1284 1526 1324; x_wconf 82' lang='lat' dir='ltr'>exculta</span> 
     </span>
     <span class='ocr_line' id='line_1_17' title="bbox 169 1354 1523 1407; baseline 0.003 -14"><span class='ocrx_word' id='word_1_114' title='bbox 169 1365 259 1405; x_wconf 59' lang='lat' dir='ltr'>,ars</span> <span class='ocrx_word' id='word_1_115' title='bbox 288 1354 434 1394; x_wconf 86' lang='lat' dir='ltr'>critica</span> <span class='ocrx_word' id='word_1_116' title='bbox 465 1358 628 1407; x_wconf 88' lang='lat' dir='ltr'>praesto</span> <span class='ocrx_word' id='word_1_117' title='bbox 659 1359 732 1403; x_wconf 87' lang='lat' dir='ltr'>est,</span> <span class='ocrx_word' id='word_1_118' title='bbox 760 1355 953 1395; x_wconf 86' lang='lat' dir='ltr'>historico</span> <span class='ocrx_word' id='word_1_119' title='bbox 972 1356 1239 1407; x_wconf 83' lang='lat' dir='ltr'>periculosius</span> <span class='ocrx_word' id='word_1_120' title='bbox 1264 1360 1337 1397; x_wconf 89' lang='lat' dir='ltr'>est.</span> <span class='ocrx_word' id='word_1_121' title='bbox 1366 1356 1523 1397; x_wconf 87' lang='lat' dir='ltr'>Deinde</span> 
     </span>
     <span class='ocr_line' id='line_1_18' title="bbox 190 1428 1522 1481; baseline 0.004 -16"><span class='ocrx_word' id='word_1_122' title='bbox 190 1428 399 1478; x_wconf 85' lang='lat' dir='ltr'>catalogos</span> <span class='ocrx_word' id='word_1_123' title='bbox 428 1430 685 1469; x_wconf 86' lang='lat' dir='ltr'>sacerdotum</span> <span class='ocrx_word' id='word_1_124' title='bbox 712 1429 756 1468; x_wconf 89' lang='lat' dir='ltr'>in</span> <span class='ocrx_word' id='word_1_125' title='bbox 782 1428 943 1480; x_wconf 89' lang='lat' dir='ltr'>templis</span> <span class='ocrx_word' id='word_1_126' title='bbox 973 1432 1157 1469; x_wconf 86' lang='lat' dir='ltr'>servatos</span> <span class='ocrx_word' id='word_1_127' title='bbox 1187 1429 1262 1477; x_wconf 90' lang='lat' dir='ltr'>(de.</span> <span class='ocrx_word' id='word_1_128' title='bbox 1285 1429 1430 1481; x_wconf 86' lang='lat' dir='ltr'>quibus</span> <span class='ocrx_word' id='word_1_129' title='bbox 1458 1431 1522 1470; x_wconf 92' lang='lat' dir='ltr'>in-</span> 
     </span>
     <span class='ocr_line' id='line_1_19' title="bbox 189 1501 1522 1555; baseline 0.004 -16"><span class='ocrx_word' id='word_1_130' title='bbox 189 1501 254 1541; x_wconf 88' lang='lat' dir='ltr'>fra</span> <span class='ocrx_word' id='word_1_131' title='bbox 282 1502 468 1554; x_wconf 84' lang='lat' dir='ltr'>agetur),</span> <span class='ocrx_word' id='word_1_132' title='bbox 495 1505 759 1543; x_wconf 77' lang='lat' dir='ltr'>monumenta</span> <span class='ocrx_word' id='word_1_133' title='bbox 788 1514 945 1553; x_wconf 89' lang='lat' dir='ltr'>quoque</span> <span class='ocrx_word' id='word_1_134' title='bbox 988 1513 1205 1553; x_wconf 85' lang='lat' dir='ltr'>eorumque</span> <span class='ocrx_word' id='word_1_135' title='bbox 1232 1503 1522 1555; x_wconf 78' lang='lat' dir='ltr'>inscriptiones</span> 
     </span>
     <span class='ocr_line' id='line_1_20' title="bbox 187 1573 1521 1628; baseline 0.002 -14"><span class='ocrx_word' id='word_1_136' title='bbox 187 1587 213 1614; x_wconf 89' lang='lat' dir='ltr'>a</span> <span class='ocrx_word' id='word_1_137' title='bbox 240 1574 503 1628; x_wconf 82' lang='lat' dir='ltr'>logographis</span> <span class='ocrx_word' id='word_1_138' title='bbox 531 1576 716 1627; x_wconf 88' lang='lat' dir='ltr'>inspecta</span> <span class='ocrx_word' id='word_1_139' title='bbox 744 1579 865 1627; x_wconf 87' lang='lat' dir='ltr'>atque</span> <span class='ocrx_word' id='word_1_140' title='bbox 894 1573 1077 1615; x_wconf 85' lang='lat' dir='ltr'>adhibita</span> <span class='ocrx_word' id='word_1_141' title='bbox 1105 1587 1193 1615; x_wconf 91' lang='lat' dir='ltr'>esse</span> <span class='ocrx_word' id='word_1_142' title='bbox 1217 1588 1298 1615; x_wconf 90' lang='lat' dir='ltr'>non</span> <span class='ocrx_word' id='word_1_143' title='bbox 1319 1576 1405 1616; x_wconf 86' lang='lat' dir='ltr'>sine</span> <span class='ocrx_word' id='word_1_144' title='bbox 1422 1590 1521 1627; x_wconf 88' lang='lat' dir='ltr'>gau-</span> 
     </span>
     <span class='ocr_line' id='line_1_21' title="bbox 187 1648 1519 1701; baseline 0.002 -14"><span class='ocrx_word' id='word_1_145' title='bbox 187 1649 475 1689; x_wconf 82' lang='lat' dir='ltr'>diofatemur.</span> <span class='ocrx_word' id='word_1_146' title='bbox 532 1649 644 1696; x_wconf 84' lang='lat' dir='ltr'>Quae</span> <span class='ocrx_word' id='word_1_147' title='bbox 679 1660 924 1701; x_wconf 85' lang='lat' dir='ltr'>quamquam</span> <span class='ocrx_word' id='word_1_148' title='bbox 955 1661 1037 1688; x_wconf 89' lang='lat' dir='ltr'>non</span> <span class='ocrx_word' id='word_1_149' title='bbox 1074 1648 1235 1688; x_wconf 91' lang='lat' dir='ltr'>omnino</span> <span class='ocrx_word' id='word_1_150' title='bbox 1263 1648 1416 1690; x_wconf 85' lang='lat' dir='ltr'>fabulis</span> <span class='ocrx_word' id='word_1_151' title='bbox 1445 1661 1519 1689; x_wconf 89' lang='lat' dir='ltr'>va-</span> 
     </span>
     <span class='ocr_line' id='line_1_22' title="bbox 184 1717 1515 1774; baseline 0.002 -13"><span class='ocrx_word' id='word_1_152' title='bbox 184 1724 305 1768; x_wconf 83' lang='lat' dir='ltr'>cant,</span> <span class='ocrx_word' id='word_1_153' title='bbox 343 1726 481 1762; x_wconf 76' lang='lat' dir='ltr'>tamen</span> <span class='ocrx_word' id='word_1_154' title='bbox 522 1717 638 1772; x_wconf 80' lang='lat' dir='ltr'>quasi</span> <span class='ocrx_word' id='word_1_155' title='bbox 665 1721 778 1761; x_wconf 89' lang='lat' dir='ltr'>filum</span> <span class='ocrx_word' id='word_1_156' title='bbox 806 1722 990 1761; x_wconf 83' lang='lat' dir='ltr'>veritatis</span> <span class='ocrx_word' id='word_1_157' title='bbox 1018 1721 1255 1774; x_wconf 86' lang='lat' dir='ltr'>plerumque</span> <span class='ocrx_word' id='word_1_158' title='bbox 1281 1726 1420 1762; x_wconf 87' lang='lat' dir='ltr'>tenere</span> <span class='ocrx_word' id='word_1_159' title='bbox 1448 1731 1515 1763; x_wconf 83' lang='lat' dir='ltr'>so-</span> 
     </span>
     <span class='ocr_line' id='line_1_23' title="bbox 182 1794 1169 1835; baseline 0 -1"><span class='ocrx_word' id='word_1_160' title='bbox 182 1794 278 1835; x_wconf 89' lang='lat' dir='ltr'>lent.</span> <span class='ocrx_word' id='word_1_161' title='bbox 882 1801 883 1804; x_wconf 77' lang='grc'>’</span> <span class='ocrx_word' id='word_1_162' title='bbox 1167 1807 1169 1809; x_wconf 93' lang='grc'><em>·</em></span> 
     </span>
    </p>

    <p class='ocr_par' dir='ltr' id='par_1_4' title="bbox 177 1866 1518 2286">
     <span class='ocr_line' id='line_1_24' title="bbox 291 1866 1518 1920; baseline 0.001 -13"><span class='ocrx_word' id='word_1_163' title='bbox 291 1868 443 1914; x_wconf 85' lang='lat' dir='ltr'>Quibus</span> <span class='ocrx_word' id='word_1_164' title='bbox 472 1868 656 1907; x_wconf 90' lang='lat' dir='ltr'>omnibus</span> <span class='ocrx_word' id='word_1_165' title='bbox 685 1869 785 1907; x_wconf 85' lang='lat' dir='ltr'>satis</span> <span class='ocrx_word' id='word_1_166' title='bbox 814 1866 1031 1907; x_wconf 84' lang='lat' dir='ltr'>intellectis</span> <span class='ocrx_word' id='word_1_167' title='bbox 1058 1867 1163 1907; x_wconf 87' lang='lat' dir='ltr'>hanc</span> <span class='ocrx_word' id='word_1_168' title='bbox 1192 1868 1244 1907; x_wconf 87' lang='lat' dir='ltr'>de</span> <span class='ocrx_word' id='word_1_169' title='bbox 1281 1868 1359 1907; x_wconf 89' lang='lat' dir='ltr'>fide</span> <span class='ocrx_word' id='word_1_170' title='bbox 1388 1872 1518 1920; x_wconf 82' lang='lat' dir='ltr'>atque·</span> 
     </span>
     <span class='ocr_line' id='line_1_25' title="bbox 182 1939 1514 1992; baseline -0.001 -12"><span class='ocrx_word' id='word_1_171' title='bbox 182 1941 425 1980; x_wconf 86' lang='lat' dir='ltr'>auctoritate</span> <span class='ocrx_word' id='word_1_172' title='bbox 452 1940 791 1992; x_wconf 88' lang='lat' dir='ltr'>logographorum</span> <span class='ocrx_word' id='word_1_173' title='bbox 826 1939 1030 1979; x_wconf 85' lang='lat' dir='ltr'>offerimus</span> <span class='ocrx_word' id='word_1_174' title='bbox 1065 1940 1335 1979; x_wconf 87' lang='lat' dir='ltr'>sententiam:</span> <span class='ocrx_word' id='word_1_175' title='bbox 1371 1940 1514 1980; x_wconf 74' lang='lat' dir='ltr'>·Veri-</span> 
     </span>
     <span class='ocr_line' id='line_1_26' title="bbox 182 2011 1513 2065; baseline -0.002 -11"><span class='ocrx_word' id='word_1_176' title='bbox 182 2017 308 2054; x_wconf 85' lang='lat' dir='ltr'>tatem</span> <span class='ocrx_word' id='word_1_177' title='bbox 338 2013 486 2065; x_wconf 87' lang='lat' dir='ltr'>ubique</span> <span class='ocrx_word' id='word_1_178' title='bbox 516 2015 728 2065; x_wconf 86' lang='lat' dir='ltr'>praestare</span> <span class='ocrx_word' id='word_1_179' title='bbox 758 2011 1275 2064; x_wconf 79' lang='lat' dir='ltr'>studuerunt-logographi</span> <span class='ocrx_word' id='word_1_180' title='bbox 1302 2015 1343 2052; x_wconf 89' lang='lat' dir='ltr'>et</span> <span class='ocrx_word' id='word_1_181' title='bbox 1372 2014 1513 2064; x_wconf 74' lang='lat' dir='ltr'>qnam-</span> 
     </span>
     <span class='ocr_line' id='line_1_27' title="bbox 178 2084 1511 2138; baseline 0 -13"><span class='ocrx_word' id='word_1_182' title='bbox 178 2088 240 2127; x_wconf 88' lang='lat' dir='ltr'>vis</span> <span class='ocrx_word' id='word_1_183' title='bbox 273 2087 582 2126; x_wconf 84' lang='lat' dir='ltr'>inenarrandis</span> <span class='ocrx_word' id='word_1_184' title='bbox 624 2085 881 2138; x_wconf 83' lang='lat' dir='ltr'>antiquitatis</span> <span class='ocrx_word' id='word_1_185' title='bbox 917 2084 1037 2124; x_wconf 89' lang='lat' dir='ltr'>rebus</span> <span class='ocrx_word' id='word_1_186' title='bbox 1076 2085 1201 2135; x_wconf 86' lang='lat' dir='ltr'>gestis</span> <span class='ocrx_word' id='word_1_187' title='bbox 1245 2084 1394 2125; x_wconf 88' lang='lat' dir='ltr'>fabulis</span> <span class='ocrx_word' id='word_1_188' title='bbox 1422 2099 1511 2138; x_wconf 84' lang='lat' dir='ltr'>my-</span> 
     </span>
     <span class='ocr_line' id='line_1_28' title="bbox 179 2157 1512 2212; baseline -0.001 -12"><span class='ocrx_word' id='word_1_189' title='bbox 179 2160 341 2212; x_wconf 85' lang='lat' dir='ltr'>thisque</span> <span class='ocrx_word' id='word_1_190' title='bbox 369 2159 625 2207; x_wconf 87' lang='lat' dir='ltr'>indulserint,</span> <span class='ocrx_word' id='word_1_191' title='bbox 654 2162 793 2199; x_wconf 83' lang='lat' dir='ltr'>tamen</span> <span class='ocrx_word' id='word_1_192' title='bbox 819 2159 863 2198; x_wconf 91' lang='lat' dir='ltr'>in</span> <span class='ocrx_word' id='word_1_193' title='bbox 890 2158 941 2198; x_wconf 91' lang='lat' dir='ltr'>iis</span> <span class='ocrx_word' id='word_1_194' title='bbox 968 2157 1294 2206; x_wconf 83' lang='lat' dir='ltr'>narrationibus,</span> <span class='ocrx_word' id='word_1_195' title='bbox 1325 2170 1427 2211; x_wconf 85' lang='lat' dir='ltr'>quae</span> <span class='ocrx_word' id='word_1_196' title='bbox 1456 2160 1512 2199; x_wconf 89' lang='lat' dir='ltr'>ad</span> 
     </span>
     <span class='ocr_line' id='line_1_29' title="bbox 177 2231 1511 2286; baseline -0.001 -12"><span class='ocrx_word' id='word_1_197' title='bbox 177 2236 359 2286; x_wconf 87' lang='lat' dir='ltr'>ipsorum</span> <span class='ocrx_word' id='word_1_198' title='bbox 389 2237 567 2274; x_wconf 88' lang='lat' dir='ltr'>aetatem</span> <span class='ocrx_word' id='word_1_199' title='bbox 596 2236 784 2284; x_wconf 89' lang='lat' dir='ltr'>spectant</span> <span class='ocrx_word' id='word_1_200' title='bbox 813 2236 852 2272; x_wconf 87' lang='lat' dir='ltr'>et</span> <span class='ocrx_word' id='word_1_201' title='bbox 881 2244 1169 2284; x_wconf 88' lang='lat' dir='ltr'>nonnunquam</span> <span class='ocrx_word' id='word_1_202' title='bbox 1198 2231 1320 2272; x_wconf 89' lang='lat' dir='ltr'>etiam</span> <span class='ocrx_word' id='word_1_203' title='bbox 1348 2232 1395 2282; x_wconf 19' lang='lat' dir='ltr'>in*</span> <span class='ocrx_word' id='word_1_204' title='bbox 1418 2232 1511 2282; x_wconf 79' lang='lat' dir='ltr'>aliis</span> 
     </span>
    </p>
   </div>
   <div class='ocr_carea' id='block_1_3' title="bbox 175 2352 431 2360">
    <p class='ocr_par' dir='ltr' id='par_1_5' title="bbox 175 2352 431 2360">
     <span class='ocr_line' id='line_1_30' title="bbox 175 2352 431 2360; baseline 0 499"><span class='ocrx_word' id='word_1_205' title='bbox 175 2352 431 2360; x_wconf 95' lang='lat' dir='ltr'> </span> 
     </span>
    </p>
   </div>
   <div class='ocr_carea' id='block_1_4' title="bbox 256 2397 1507 2443">
    <p class='ocr_par' dir='ltr' id='par_1_6' title="bbox 256 2397 1507 2443">
     <span class='ocr_line' id='line_1_31' title="bbox 256 2397 1507 2443; baseline -0.006 -6"><span class='ocrx_word' id='word_1_206' title='bbox 256 2405 293 2443; x_wconf 88' lang='lat'>1)</span> <span class='ocrx_word' id='word_1_207' title='bbox 318 2404 359 2436; x_wconf 84' lang='lat' dir='ltr'>cf.</span> <span class='ocrx_word' id='word_1_208' title='bbox 382 2400 532 2434; x_wconf 82' lang='lat' dir='ltr'>Muelleri</span> <span class='ocrx_word' id='word_1_209' title='bbox 556 2401 671 2440; x_wconf 81' lang='lat' dir='ltr'>fragm.</span> <span class='ocrx_word' id='word_1_210' title='bbox 698 2399 775 2432; x_wconf 79' lang='lat' dir='ltr'>hist.</span> <span class='ocrx_word' id='word_1_211' title='bbox 800 2399 930 2430; x_wconf 81' lang='lat' dir='ltr'>Graec.:</span> <span class='ocrx_word' id='word_1_212' title='bbox 947 2398 1100 2429; x_wconf 78' lang='lat' dir='ltr'>Hecataei</span> <span class='ocrx_word' id='word_1_213' title='bbox 1124 2399 1239 2439; x_wconf 80' lang='lat' dir='ltr'>fragm.</span> <span class='ocrx_word' id='word_1_214' title='bbox 1256 2397 1318 2432; x_wconf 80' lang='lat'>346</span> <span class='ocrx_word' id='word_1_215' title='bbox 1342 2399 1383 2431; x_wconf 79' lang='lat' dir='ltr'>cf.</span> <span class='ocrx_word' id='word_1_216' title='bbox 1408 2398 1507 2430; x_wconf 81' lang='lat' dir='ltr'>etiam</span> 
     </span>
    </p>
   </div>
   <div class='ocr_carea' id='block_1_5' title="bbox 170 2466 365 2507">
    <p class='ocr_par' dir='ltr' id='par_1_7' title="bbox 170 2466 365 2507">
     <span class='ocr_line' id='line_1_32' title="bbox 170 2466 365 2507; baseline -0.015 -8"><span class='ocrx_word' id='word_1_217' title='bbox 170 2468 288 2507; x_wconf 77' lang='lat' dir='ltr'>fragm.</span> <span class='ocrx_word' id='word_1_218' title='bbox 313 2466 365 2500; x_wconf 83' lang='lat'>72.</span> 
     </span>
    </p>
   </div>
  </div>
 </body>
</html>
