1718 2859
719 171 1034 210 ..19....

229 284 316 313 eam
344 286 441 327 prae
469 286 511 314 sc
536 274 670 319 ferunt
697 276 896 328 speciem,
924 279 971 316 ut
999 274 1049 316 ab
1079 278 1168 316 arte
1196 272 1341 314 critica
1370 284 1440 313 eos
1466 285 1548 313 non
1582 281 1604 290 ⁴·

226 360 391 400 prorsus
421 347 573 388 alienos
602 348 730 391 fuisse
755 348 1038 399 intelligamus.

268 450 272 454 .
331 420 517 473 Sequitur
543 421 637 468 iam,
656 424 711 460 .ut
739 422 788 461 de
819 422 1107 473 dispositione,
1153 433 1232 473 qua
1266 419 1458 461 historias
1485 416 1545 458 lo-

225 494 421 545 gographi
441 494 768 545 conscripserint,
797 494 1059 546 disputemus.
1089 494 1217 541 Quam
1236 493 1546 546 dispositionem

185 600 189 604 .
224 577 368 604 munus
396 566 579 608 historici
607 577 696 605 esse
725 565 942 617 Dionysius
971 566 1069 605 dicit
1095 566 1160 605 his
1187 566 1389 616 verbis¹)=
1417 562 1543 605 Μετὰ

224 636 352 677 τοῦτο
392 635 510 691 ἔργον
554 634 663 677 ἐστὶν
704 638 914 693 ἱστορικοῦ
968 637 1182 678 διελέσθαί
1219 654 1267 678 τε
1306 634 1375 677 καὶ
1414 633 1544 686 τάξαι

225 693 307 748 ssrffiv
346 708 609 764 δῆλουμένισν
655 707 832 750 ἕκαστον
875 710 913 749 ἐν
951 703 983 762 ᾦ
1014 711 1075 750 δεῖ
1115 710 1232 763 τόπῳ
1269 715 1311 751 et
1345 710 1426 751 alio
1454 709 1544 750 loco

226 781 368 821 laudat
394 782 588 823 Herodoti
617 794 730 835 opus,
759 787 804 823 ut
832 796 955 823 unum
984 788 1024 825 et
1045 783 1348 833 continuum¹):
1377 780 1435 822 Τὸ
1464 781 1545 835 γὰρ

203 849 330 894 ἀὐτὸ
360 853 574 909 προοίμιόν
604 871 650 895 τε
680 853 747 893 καὶ
778 854 893 910 ἁρχὴ
941 854 1008 895 καὶ
1049 855 1167 905 τέλος
1207 853 1291 896 ἐστὶ
1332 856 1406 907 τῆς
1433 856 1574 894 ἕστο--

226 928 320 980 ρίας.
350 928 431 968 Sed
459 941 549 968 cum
578 928 797 981 Dionysius
827 942 906 969 non
936 931 1123 978 adiiciat,
1165 942 1244 982 qua
1269 929 1426 969 ratione
1445 927 1547 968 illud

225 1001 496 1042 efficiendum·
519 1002 593 1049 sit,
634 1001 825 1041 lectorem
855 1003 906 1041 ad
933 1003 1004 1043 illa
1044 1003 1248 1043 Ciceronis
1277 1001 1402 1043 verba
1427 1013 1546 1041 revo-

225 1086 378 1120 camus,
407 1087 509 1126 quae
536 1074 673 1114 insunt
700 1075 741 1113 in
769 1074 870 1114 libro
900 1076 948 1115 de
978 1080 1138 1116 oratore
1169 1076 1345 1117 seeundo
1357 1073 1411 1128 3);
1441 1074 1546 1123 „Ro-

220 1159 313 1191 rum
341 1149 508 1187 ratio—
534 1148 732 1187 Antonius
761 1149 878 1187 ait—
909 1150 1090 1189 ordinem
1131 1152 1358 1201 temporum
1385 1148 1545 1188 deside-

223 1225 300 1265 rat,
328 1220 535 1270 regionum
566 1221 900 1272 descriptionem3
930 1221 1017 1261 vult
1043 1223 1166 1261 etiam
1195 1222 1386 1273 quoniam
1413 1221 1457 1259 in
1480 1231 1545 1258 re·

226 1293 298 1332 bus
325 1294 483 1342 magnis
510 1293 784 1344 memoriaque
814 1294 946 1343 dignis
977 1294 1148 1334 consilia
1175 1295 1373 1345 primum,
1399 1292 1545 1334 deinde

225 1370 330 1414 acta,
359 1370 503 1418 postea
531 1369 698 1405 eventus
740 1370 1026 1418 exspectentur
1053 1370 1093 1406 et
1120 1366 1169 1406 de
1208 1366 1389 1406 consiliis
1417 1365 1545 1415 signi-

226 1439 350 1487 ficari,
379 1440 487 1491 quod
513 1439 688 1491 scriptor
715 1439 861 1491 probet
889 1443 929 1479 et
956 1440 998 1480 in
1024 1439 1146 1479 rebus
1182 1440 1307 1490 gestis
1330 1438 1547 1484 declarari,

222 1525 302 1552 non
329 1512 462 1552 solum
490 1512 586 1564 quid
616 1514 751 1551 actum
788 1515 859 1552 aut
895 1512 1047 1552 dictum
1083 1513 1159 1562 sit,
1197 1513 1268 1553 sed
1296 1512 1420 1552 etia-m
1446 1523 1544 1563 quo-

223 1585 363 1628 modo:
393 1589 432 1625 et
460 1597 552 1625 cum
580 1586 630 1625 de
659 1590 804 1626 eventu
833 1586 1014 1634 dicatur,
1051 1590 1098 1625 ut
1120 1598 1266 1626 causae
1295 1584 1546 1638 explicentur

225 1669 363 1699 omnes
396 1658 459 1699 vel
487 1671 606 1700 casus
634 1658 698 1699 vel
721 1659 946 1711 sapientiae
961 1658 1024 1699 vel
1051 1660 1293 1701 temeritatis
1320 1659 1547 1699 hominum-

226 1742 301 1781 que
328 1732 509 1783 ipsorum
536 1744 617 1771 nton
644 1731 775 1771 solum
802 1744 866 1773 res
894 1735 1045 1782 gestae,
1074 1732 1147 1772 sed
1173 1733 1310 1780 etiam,
1340 1732 1408 1783 qui
1435 1731 1548 1771 fama.

224 1807 264 1843 et
286 1804 446 1844 nomine
476 1804 701 1852 excellant,
759 1806 809 1845 de
848 1806 1039 1856 cuiusque
1077 1805 1161 1843 vita
1203 1808 1323 1857 atque
1361 1806 1546 1845 natura.“

225 1875 290 1915 Ex
315 1876 376 1916 his
404 1877 488 1916 iam
517 1880 851 1929 appan-ecquam
880 1876 1029 1916 falsum
1058 1877 1112 1916 sit
1131 1876 1221 1917 sola
1236 1880 1309 1917 aut
1320 1880 1550 1929 temporum

226 1952 299 1989 aut
335 1948 518 1992 locorum
549 1953 620 1990 aut
657 1961 872 1990 causarum
908 1950 952 1989 in
988 1950 1089 2002 ipsis
1125 1950 1250 1990 rebus
1287 1951 1458 1991 sitarum
1483 1962 1550 1989 ra-

191 2034 193 2036 ·
224 2022 333 2063 tione
361 2022 574 2067 historiam
602 2023 840 2066 describere.
899 2023 1008 2070 Quae
1048 2036 1188 2064 omnes
1226 2024 1404 2063 rationes
1432 2022 1553 2062 simul

225 2094 409 2135 adhiberi
438 2096 578 2135 volunt
605 2109 734 2148 neque
762 2108 939 2148 unquam
956 2127 965 2143 ‚
994 2096 1072 2135 nisi
1101 2108 1241 2136 earum
1268 2096 1483 2149 unicuique
1510 2096 1555 2136 fit

224 2168 338 2216 satis,
367 2167 606 2209 historicum
634 2182 734 2222 opus
762 2170 871 2209 iusta
896 2169 975 2209 frui
1003 2168 1123 2210 laude
1147 2170 1397 2222 permittunt.
1428 2169 1556 2217 Quam

306 2334 342 2374 1)
368 2333 516 2375 Epistola
542 2336 581 2367 ad
606 2338 667 2371 Cn.
692 2338 806 2376 Pomp.
832 2346 863 2378 p.
883 2337 956 2369 773.

312 2398 348 2438 2)
372 2406 404 2438 p.
431 2395 503 2430 767.

308 2460 344 2501 3)
364 2470 396 2500 p.
424 2461 474 2493 15.
