1718 2859
731 183 1058 226 -31-

231 290 407 332 vissimis
435 295 486 331 et
515 293 721 332 acerrimis
759 291 875 333 bellis
914 292 964 331 de
1006 292 1091 333 vita
1129 292 1408 338 certaverunt,
1464 302 1555 332 eum

231 377 382 413 omnes,
412 364 479 418 qui
508 364 769 412 adiacebant,
797 376 947 404 novam
976 365 1181 405 civitatem
1209 367 1391 404 evertere
1416 362 1555 403 stude-

229 443 329 479 rent.
386 439 524 490 Itaque
552 439 721 478 Romani
749 440 923 491 undique
967 439 1184 488 defatigati
1211 439 1382 479 celerius
1410 438 1464 480 ad
1489 448 1554 477 se—

231 511 432 552 veriorem
460 512 606 552 mentis
634 515 676 552 et
702 511 873 551 rationis
903 510 1174 552 conditionem
1202 510 1457 563 pervenirent
1483 522 1554 551 ne·-

228 570 341 623 cesse
368 589 467 631 erat,
497 597 617 635 quam
645 584 680 622 si
707 584 817 622 omni
845 584 953 622 vitae
973 581 1188 622 dulcedine
1211 583 1340 622 adiuti
1368 595 1552 623 serenam

225 660 266 696 et
293 668 478 696 securam
505 656 709 708 quandam
736 656 983 699 iuventutem
1010 655 1272 707 peregissent.
1319 655 1471 703 Quibus
1500 668 1551 696 ex

226 728 346 768 rebus
376 732 566 780 apparet,
609 740 676 768 eas
704 727 854 778 ingenii
880 727 1121 777 facultates,
1161 740 1184 768 e
1212 727 1358 780 quibus
1385 727 1551 780 potissi-

225 814 336 841 mum
363 802 497 854 poesis
525 802 730 852 gignatur,
760 802 869 853 apud
896 801 1052 853 priscos
1080 800 1283 841 Romanos
1312 801 1446 841 valere
1468 813 1550 841 non

226 876 420 926 potuisse.
451 875 565 922 Quod
593 875 700 914 enim
728 875 898 923 singulis
916 873 1146 914 hominibus
1175 873 1336 921 accidit,
1364 874 1551 925 utprima

223 948 303 988 iam
335 951 468 988 aetate
497 948 539 987 in
566 947 757 999 periculis
795 959 1018 999 severaque
1058 948 1166 987 vitae
1205 936 1435 987 conditione
1459 959 1549 987 ver·

222 1022 302 1060 sati
340 1021 510 1060 celerius
546 1021 600 1059 ad
638 1020 889 1060 subtiliorem
934 1032 1104 1072 eamque
1141 1020 1375 1060 ieiuniorem
1412 1031 1548 1059 rerum

221 1094 490 1144 cognitionem
517 1093 785 1140 adducantur,
813 1094 919 1132 idem
947 1094 988 1132 in
1000 1094 1197 1134 universis
1225 1092 1386 1145 populis
1416 1093 1544 1132 anim·

220 1167 375 1206 adverti
404 1170 547 1217 potest.
604 1166 684 1205 Sed
711 1167 752 1205 in
780 1166 842 1205 his
870 1165 1013 1213 rebus,
1043 1166 1227 1217 quamvis
1255 1175 1337 1205 non
1363 1164 1466 1204 nihil
1492 1166 1543 1205 iis

218 1240 277 1279 sit·
299 1238 573 1284 tribuendum,
601 1242 743 1278 tamen
769 1250 850 1277 non
879 1250 1019 1278 omnes
1045 1240 1185 1278 insunt
1209 1249 1370 1287 causae,
1400 1237 1543 1290 quibus

218 1313 372 1351 factum
401 1309 472 1358 est,
515 1315 561 1350 ut
588 1312 720 1363 prima
747 1310 1020 1356 Romanorum
1048 1315 1183 1351 aetate
1211 1311 1346 1363 poesis
1376 1323 1456 1350 non
1483 1312 1542 1350 vi·

215 1384 358 1434 guerit.
406 1383 577 1424 Romani
604 1383 710 1423 enim
737 1384 886 1433 exigua
914 1384 1193 1424 tantummodo
1220 1383 1381 1436 poetica
1408 1383 1543 1443 ἰηᾱο19

216 1457 404 1508 praediti,
431 1457 577 1495 mentis
606 1461 646 1495 et
672 1457 842 1495 rationis
870 1457 999 1505 magis
1035 1460 1265 1508 compotes,
1300 1458 1350 1496 iis
1375 1457 1542 1509 potissi·-

214 1543 325 1570 mum
354 1529 474 1570 rebus
500 1529 730 1577 studebant,
758 1541 862 1583 quae
890 1530 980 1569 usui
1006 1533 1145 1571 essent
1170 1530 1340 1570 civitati.
1392 1529 1438 1571 In
1463 1531 1540 1573 hae

214 1603 540 1643 administranda
568 1603 752 1642 floruisse
782 1606 823 1643 et
850 1615 1108 1654 quoscunque
1136 1603 1200 1643 vel
1227 1603 1351 1643 armis
1379 1604 1443 1644 vel
1470 1604 1540 1646 lit-

212 1676 312 1715 teris
340 1676 595 1727 perceperint
622 1676 791 1722 fructus,
811 1687 879 1714 eos
906 1687 1045 1714 omnes
1072 1675 1127 1715 ad
1152 1676 1381 1725 augendam
1398 1680 1440 1717 et
1452 1689 1539 1716 am-

212 1747 472 1799 plificandam
509 1760 595 1787 rem
633 1747 841 1799 publicam
885 1738 1133 1788 convertisse
1167 1748 1538 1800 praeclarissimum

212 1821 322 1872 apud
351 1832 419 1859 eos
447 1820 672 1872 sapientiae
700 1832 847 1860 munus
885 1832 1162 1872 summumque
1194 1821 1356 1864 virtutis
1384 1824 1425 1861 et
1450 1822 1537 1862 offi-

209 1894 317 1933 oium
343 1895 384 1932 et
411 1893 705 1933 documentum¹
736 1892 1018 1944 habebatur-¹).
1076 1893 1248 1933 Disertis
1288 1894 1421 1935 verbis
1457 1895 1535 1936 hoc

208 1966 401 2019 exprimit
427 1966 566 2007 Cicero
579 1965 634 2015 Ἲς
691 1966 855 2018 „Neque
893 1966 1022 2014 enim3·
1055 1966 1132 2014 ait,
1174 1965 1252 2006 hac
1291 1979 1364 2007 nos
1400 1969 1536 2020 patria

209 2040 297 2090 lege
325 2034 466 2089 genuit
493 2031 566 2078 aut
604 2035 816 2087 educavit,
860 2041 906 2079 ut
935 2037 1048 2079 nulla
1084 2024 1206 2091 'quasi
1240 2039 1434 2080 alimenta
1461 2054 1533 2082 ex—

209 2115 414 2165 spectaret
442 2124 466 2151 a
491 2111 686 2166 nobis,—
712 2111 785 2151 sed
813 2114 858 2150 ut
885 2110 1078 2163 plurimas
1105 2115 1147 2152 et
1173 2107 1374 2170 maximas
1402 2114 1533 2154 nostri

209 2186 357 2230 animi,
401 2185 574 2235 ingenii,
621 2183 780 2225 consilii
822 2186 958 2237 partes
994 2184 1085 2237 ipsa
1122 2172 1203 2225 sibi'
1233 2185 1285 2226 ad
1311 2185 1532 2228 utilitatem

209 2271 325 2301 suam
353 2258 681 2311 pigneraretur.⁶‘
706 2256 845 2309 Itaque
874 2257 1042 2303 virtutes
1070 2258 1125 2298 ad
1152 2256 1260 2298 bella
1278 2260 1465 2315 ¹gerenda
1489 2262 1532 2301 et

292 2413 320 2454 l)
344 2413 412 2445 Cic.
437 2413 475 2444 de
500 2423 567 2455 rep.
592 2414 619 2452 1,
644 2413 696 2447 20.

290 2476 329 2517 2)
355 2476 393 2507 dc
417 2486 485 2517 rep.
512 2475 592 2516 1‚·4.
