1718 2859
677 166 990 227 -257-

292 272 583 321 Quaerentibus
612 274 693 313 iam
720 273 848 322 nobis—,-¹
878 284 1050 325 quonam
1081 271 1240 312 dicendi
1268 282 1413 322 genere
1436 275 1498 315 usi

183 348 266 388 sint
292 346 539 399 logographi,
567 347 741 398 primum
769 347 992 386 notandum
1019 350 1092 394 est,
1121 358 1188 386 eos
1206 347 1318 386 inter
1344 347 1497 399 primos

183 420 329 471 fuisse,
372 420 438 471 qui
475 420 652 471 pedestri
687 420 866 458 oratione
902 419 1148 471 scripserint.
1214 420 1319 459 Ante
1353 420 1498 460 horum

185 494 290 533 enim
318 496 515 540 aetatem,
549 503 807 543 quaecunque
840 492 1056 539 memoriae
1083 491 1367 541 tradebantur,
1405 507 1497 534 ora-

184 566 293 606 tione
339 566 459 605 certis
497 564 675 604 numeris
713 564 907 603 distincta
955 567 1177 616 ornataque
1220 566 1495 607 servabantur.

184 640 262 679 Sed
287 639 394 678 haud
422 638 593 677 multum
614 641 706 676 ante
737 637 841 677 bella
869 650 960 677 cum
974 636 1106 677 Persis
1133 642 1249 688 gesta
1265 640 1389 680 variis
1404 653 1512 680 cau--

185 713 256 760 sis,
285 724 385 763 quas
415 710 489 750 hoc
518 710 607 750 loco
636 722 845 749 recensere
873 722 898 749 a
924 711 1128 762 proposito
1155 714 1293 751 nostro
1321 713 1497 754 alienum

184 788 258 832 est,
290 767 473 823 effectu-m
504 787 579 830 est,
608 787 651 822 ut
679 782 812 822 soluta
840 784 1018 822 oratione
1046 784 1261 834 scriptores
1280 788 1497 827 uterentur.

183 857 308 896 Primi
336 858 409 896 hoc
437 856 581 895 fecisse
609 856 791 894 feruutur
818 854 1065 907 Pherecydes
1094 856 1233 907 Syrius
1262 859 1302 896 et
1324 857 1497 898 Cadmus

183 930 387 977 Milesius,
445 941 613 980 quorum
649 928 751 967 alter
788 927 1048 980 philosophus
1089 927 1193 968 alter
1227 928 1498 983 logographus

183 1003 310 1042 fuisse
338 1002 498 1041 dieitur.
552 1001 678 1052 Atqui
716 1001 897 1053 quamvis
934 1000 1009 1040 hac
1046 1004 1178 1041 aetate
1206 1002 1379 1053 primum
1407 1016 1496 1044 ora-

181 1077 334 1115 tionem
361 1076 589 1127 pedestrem
617 1074 840 1126 adhibitam
878 1086 964 1113 esse
993 1075 1096 1113 inter
1142 1087 1279 1114 omnes
1319 1082 1496 1117 constet:

182 1149 231 1188 de
260 1148 412 1197 origine
441 1147 557 1186 huius
585 1147 745 1186 dicendi
772 1148 925 1185 formae
965 1147 1173 1185 doctorum
1201 1147 1377 1204 virorum
1406 1162 1497 1189 sen-

182 1222 333 1261 tentiae
363 1220 462 1259 mire
490 1221 736 1271 discrepant.
792 1219 943 1266 Quodsi
968 1231 1060 1259 mea
1086 1220 1135 1258 de
1162 1218 1238 1258 hac
1264 1232 1308 1259 re
1336 1225 1496 1262 senten-

177 1295 240 1334 tia
269 1296 505 1345 quaeratur,
543 1292 668 1332 libere
707 1294 859 1339 fateor,
901 1304 965 1331 me
994 1305 1074 1331 non
1100 1292 1151 1331 iis
1179 1294 1389 1342 assentiri,
1430 1296 1497 1347 qui

180 1363 392 1407 Strabonis
421 1366 676 1417 potissimum
704 1365 790 1404 loco
809 1366 841 1412 ¹)
868 1365 968 1412 nisi,
1006 1364 1079 1404 illa
1106 1368 1239 1404 aetate
1266 1366 1398 1418 ipsam
1425 1382 1496 1419 pe-

181 1440 360 1480 destrem
389 1439 611 1477 orationem
647 1438 854 1477 inventam
891 1449 978 1477 esse
1020 1438 1166 1476 dicant.
1220 1437 1418 1489 Equidem
1443 1442 1495 1481 de

179 1512 328 1565 prosae
356 1512 548 1551 orationis
579 1511 806 1550 inventione
849 1514 1000 1550 certam
1036 1511 1277 1550 sententiam
1304 1513 1389 1552 fieri
1418 1526 1496 1554 nou

179 1597 300 1638 posse
323 1588 440 1624 ratus
468 1583 616 1623 Ulricio
646 1584 864 1631 assentior,
907 1584 973 1635 qui
1002 1587 1041 1623 et
1076 1584 1276 1635 poeticam
1305 1588 1345 1625 et
1371 1587 1493 1638 pede-

179 1663 303 1700 strem
333 1658 555 1698 orationem
596 1658 735 1697 eodem
773 1660 951 1710 tempore
987 1658 1191 1697 exstitisse
1228 1660 1434 1700 contendit
1447 1660 1492 1713 ³).

181 1732 277 1781 Quis
309 1732 415 1772 enim
440 1735 656 1783 antequam
684 1730 742 1769 illi
771 1743 914 1782 prosae
944 1731 1160 1778 orationis,
1203 1737 1247 1770 ut
1275 1732 1333 1771 ita
1361 1733 1494 1774 dicam

179 1806 377 1855 magistri,
408 1806 538 1845 exorti
567 1805 672 1851 sint,
718 1803 893 1844 Graecos
922 1816 1057 1843 omnes
1080 1803 1199 1853 vulgo
1225 1805 1405 1846 versibus
1433 1807 1494 1846 lo-

180 1882 294 1919 cutos
323 1891 411 1917 esse
438 1881 605 1917 censet?
638 1878 874 1928 Quanquam
900 1877 1022 1926 igitur
1041 1889 1235 1926 negamus
1264 1879 1492 1929 pedestrem

180 1952 405 1993 orationem·
439 1954 534 1990 ante
571 1949 813 2002 Pherecydis
853 1955 892 1990 et
929 1950 1070 1990 Cadmi
1110 1953 1285 1990 aetatem
1329 1953 1491 1992 omnino

176 2038 257 2065 non
286 2025 502 2072 exstitisse,
531 2027 665 2063 tamen
692 2023 899 2063 fatendum
928 2026 989 2062 est
1017 2035 1103 2062 eam
1131 2024 1260 2074 ipsam
1292 2025 1492 2075 poeticum

179 2099 380 2149 quoddam
409 2099 599 2150 spirasse,
630 2096 737 2148 quod
767 2108 857 2134 cum
884 2095 1042 2145 ingenio
1071 2099 1110 2135 et
1137 2096 1341 2136 iuventute
1352 2098 1492 2149 populi

176 2253 275 2285 multo
301 2264 316 2284 a
340 2252 548 2294 logographis
571 2253 690 2293 differt,
714 2252 841 2284 videtur
872 2263 965 2284 causa
996 2263 1064 2284 esse
1087 2253 1272 2293 praecipua,
1296 2263 1353 2285 cur
1374 2257 1492 2294 „paler

175 2317 354 2349 historiae“
379 2317 439 2349 iam
464 2317 502 2347 ab
526 2316 666 2356 antiquis
689 2316 731 2346 sit
751 2315 944 2356 appellatus.

260 2390 297 2430 1)
322 2389 440 2421 Strabo
466 2390 492 2421 1.
516 2400 548 2431 p.
572 2389 613 2422 34
638 2387 800 2428 λύσαντες
822 2389 859 2421 τὸ
884 2388 1006 2433 μέτρον
1030 2403 1060 2422 κ.
1085 2404 1116 2422 τ.
1141 2392 1171 2420 λ.

257 2463 296 2504 2)
322 2464 513 2513 Citarnkteri
532 2463 579 2495 tik
603 2462 659 2495 der
683 2464 811 2496 antikcu
834 2464 1114 2506 Hislorio'graphic
1137 2473 1176 2505 p-
1195 2466 1230 2496 21
1259 2467 1289 2496 ct
1312 2464 1362 2499 23.
