1718 2859
694 195 745 204 ..-
828 173 878 213 42
960 195 1012 206 ..-

298 275 485 333 S‘gigulos
514 278 637 327 igitur
652 290 792 318 omnes
822 283 1010 319 accurate
1034 287 1270 332 percensere
1300 292 1392 321 cum
1417 284 1515 324 fines

190 348 309 391 huius
338 347 690 392 commentationis
720 351 838 403 longe
868 341 1051 402 excedat,
1080 365 1147 393 eos
1176 356 1332 394 tantum
1376 354 1518 396 affere-

191 435 282 463 mus
310 426 431 475 atque
460 424 808 472 examinabimus,
837 426 904 477 qui
932 426 1146 477 primarios
1185 425 1368 479 obtinent
1405 427 1517 468 locos

191 478 339 549 eosque
363 496 504 537 eodem
531 497 796 538 tractabimus
824 498 957 547 modo,
988 511 1064 551 quo
1082 498 1256 539 Graecos
1283 499 1513 542 historicos.

188 570 506 623 Antiquissimus
521 571 645 621 igitur
660 572 837 611 omnium
859 583 1057 611 consensu
1068 571 1328 612 historiarum
1341 573 1518 625 scriptor

189 649 255 685 est
301 644 345 691 Q.
373 643 522 684 Fabius
571 643 728 693 Pictor,
769 644 837 696 qui
866 643 961 684 belli
1001 642 1141 684 Punici
1191 646 1355 685 secundi
1385 650 1519 686 aetate

187 716 401 757 historiam
427 716 654 757 Romanam
683 717 733 757 ab
762 717 810 757 U.
841 718 882 758 C.
913 730 1041 770 usque
1070 718 1121 758 ad
1141 730 1318 770 pugnam
1347 719 1399 759 ad
1414 719 1513 759 Tra-

188 790 388 831 simenum
430 791 687 831 commissam
736 790 892 831 Graeca
936 791 1075 842 lingua
1126 792 1305 832 deduxit.
1335 792 1519 833 .Eadem

188 862 329 914 lingua
357 862 473 903 Fabii
501 864 689 916 aequales
716 863 760 903 L.
790 865 950 904 Cincius
980 864 1252 910 Alimentus¹)
1281 868 1320 904 et
1349 866 1391 905 C.
1419 866 1513 905 Aci·

187 936 267 977 lius
295 936 460 977 Glabrio
489 939 530 976 et
555 936 695 988 paullo
726 941 861 977 aetate
886 938 1052 977 inferior
1079 936 1122 977 P.
1151 936 1325 977 Albinus
1353 950 1421 977 res
1456 939 1509 978 ab

189 1009 482 1062 antiquissimis
510 1009 762 1061 temporibus
794 1010 845 1050 ad
875 1022 990 1049 suam
1017 1021 1142 1062 usque
1172 1013 1348 1050 aetatem
1377 1014 1514 1060 gestas

190 1083 453 1135 scripserunt,
495 1094 666 1134 quorum
705 1083 860 1135 primus
898 1095 1019 1135 quam
1064 1083 1238 1123 maxime
1281 1084 1515 1136 antiquitati

186 1156 493 1207 investigandae
536 1168 701 1208 operam
744 1156 977 1197 adhibuisse
1018 1157 1204 1197 traditur.
1259 1157 1348 1196 Huc
1393 1158 1518 1197 etiam

189 1230 392 1269 referendi
420 1233 516 1269 sunt
543 1230 613 1269 Cn.
627 1230 809 1269 Naevius
840 1234 879 1269 et
906 1229 1070 1276 Ennius,
1097 1232 1239 1280 poetae
1262 1229 1323 1269 illi
1345 1230 1518 1281 quidem,

189 1302 261 1342 sed
288 1313 445 1342 summo
472 1302 558 1341 iure
602 1302 683 1341 iam
714 1313 738 1340 a
776 1301 920 1341 Vossio
962 1301 1165 1341 historicis
1207 1302 1516 1353 adnumerati2),

189 1386 360 1426 quorum
397 1373 489 1421 ille,
544 1373 721 1412 breviter
769 1376 947 1413 tractata
995 1374 1252 1425 antiquorum
1291 1376 1518 1425 temporum

189 1447 372 1494 historia,
403 1445 554 1485 bellum
581 1444 781 1485 Punicum
810 1447 1041 1494 secundum,
1069 1446 1134 1486 hic
1160 1446 1364 1486 annalium
1392 1446 1519 1487 libros

188 1519 321 1560 XVIII
360 1519 536 1571 scripsit.
600 1518 759 1558 Primus
813 1519 941 1559 latina
990 1519 1129 1569 lingua
1172 1531 1298 1571 eaque
1340 1521 1518 1559 numeris

189 1592 324 1633 soluta
370 1592 423 1632 ad
461 1591 674 1632 historiam
724 1591 981 1634 scribendam
1022 1604 1119 1632 usus
1162 1595 1223 1631 est
1258 1591 1312 1632 M.
1351 1592 1517 1633 Porcius

192 1668 306 1713 Cato,
335 1667 404 1717 qui
430 1665 546 1704 libris
557 1665 632 1704 VII
658 1677 740 1704 non
768 1665 899 1704 solum
926 1665 1066 1717 populi
1089 1664 1262 1704 Romani
1289 1677 1353 1704 res
1381 1668 1518 1714 gestas

191 1751 319 1791 usque
341 1738 401 1787 ,ad
428 1749 545 1777 suam
573 1740 750 1778 aetatem
781 1738 980 1790 exposuit,
1004 1738 1080 1777 sed
1108 1737 1231 1777 etiam
1258 1737 1362 1777 unde
1398 1749 1520 1789 quae-

191 1824 269 1864 que
299 1812 444 1851 civitas
473 1810 615 1868 Italica
644 1814 734 1850 orta
766 1811 841 1858 sit,
870 1823 990 1862 quam
1013 1809 1064 1849 ob
1082 1822 1168 1849 rem
1195 1810 1271 1849 hoc
1301 1822 1399 1861 opus
1428 1810 1516 1851 Ori-

190 1887 329 1935 ginum
354 1884 516 1924 nomine
537 1883 832 1936 appellabatur.
872 1884 1066 1924 Catonem
1088 1883 1247 1935 excepit
1273 1882 1341 1922 ille
1369 1882 1519 1923 Fabius

189 1956 338 2005 Pictor,
368 1958 435 2009 qui
463 1956 603 2005 lingua
630 1956 760 1995 latina
786 1968 882 1995 usus
912 1953 1022 2006 est3),
1053 1958 1165 1995 euius
1195 1955 1383 2006 aequales
1402 1958 1518 1994 erant

187 2029 242 2070 M.
270 2029 438 2069 Fulvius
470 2027 653 2068 Nobilior
682 2032 722 2068 et
750 2028 790 2067 C.
822 2028 985 2067 Cassius
1013 2028 1206 2075 Hemina,
1252 2041 1420 2079 quorum
1448 2028 1515 2067 ille

279 2178 316 2217 1)
352 2177 475 2216 Quibus
513 2176 711 2215 argumentis
750 2176 954 2208 Mommsenii
998 2177 1176 2212 sententia,
1220 2176 1374 2207 historias
1414 2175 1519 2206 Cincii

190 2240 376 2282 suppositas
398 2248 480 2277 esse,
505 2238 640 2277 nitatur,
666 2238 770 2270 adhuc
795 2239 909 2279 ignoro
932 2238 1043 2279 (Rom.
1068 2237 1186 2270 Gesch.
1210 2240 1241 2276 Ι,
1267 2228 1359 2279 923).

272 2302 312 2343 2)
338 2301 438 2333 Cuius
461 2301 508 2332 rei
532 2303 722 2341 argumenta
747 2300 850 2340 (tituli
873 2310 1027 2342 operum,
1058 2300 1138 2332 fides
1152 2310 1232 2341 quae
1254 2300 1295 2331 iis
1326 2299 1514 2335 habebatur,

120 2362 121 2365 ’
190 2364 371 2397 testimonia
395 2365 555 2404 veterum,
580 2362 660 2404 alia)
684 2363 723 2394 ab
749 2362 872 2396 Ulricio
896 2363 1074 2395 afferuntur
1096 2361 1118 2393 l.
1144 2361 1165 2394 1.
1189 2371 1263 2403 pag.
1286 2362 1328 2394 88
1352 2371 1403 2403 sq.

275 2426 313 2467 3)
338 2426 430 2465 Quod
469 2436 539 2458 cum
565 2437 604 2458 ex
638 2426 712 2458 aliis
744 2428 809 2457 tum
845 2435 862 2457 e
894 2426 1063 2458 Ciceronis
1091 2425 1129 2456 de
1162 2427 1245 2457 orat.
1278 2423 1300 2456 1.
1327 2423 1371 2465 11,
1404 2433 1455 2464 cp.
1479 2423 1520 2455 12

190 2489 308 2523 coniici
331 2487 419 2521 licet.
