1718 2859
702 148 752 156 .-
834 127 885 164 50
968 149 1018 156 ..-

208 229 553 283 prohibebantur,
595 231 691 283 quin
722 232 870 272 iustam
908 230 1214 281 ingrederentur
1257 231 1364 272 viam
1384 265 1393 281 ,
1436 246 1539 287 quae

210 305 352 353 sinon
382 304 519 354 statim
563 308 607 343 at
654 308 763 344 certe
812 305 964 353 sensim
1005 304 1058 344 ad
1077 315 1241 349 (sanam
1288 304 1538 359 historiaque

212 377 383 427 dignam
413 380 543 417 artem
572 377 756 418 criticam
783 378 991 431 perducat·

314 449 374 491 De
403 453 490 490 arte
519 453 668 499 autem,
698 464 778 504 qua
809 452 1027 503 scriptores
1055 450 1115 490 illi
1144 463 1208 491 res
1238 450 1302 491 vel
1342 451 1540 502 elegerint

210 523 274 563 vel
302 524 576 576 disposuerint
602 525 824 576 disputatio
854 523 1093 563 difficillima
1120 527 1193 571 est,
1224 536 1315 564 cum
1332 537 1539 576 perpauca

212 609 379 648 operum
404 582 635 646 fragmenta
671 597 803 642 adhuc
847 599 1030 645 exstent,
1073 596 1219 649 quibus
1263 596 1374 636 nullo
1405 598 1538 643 ¹modo

210 669 286 709 niti
322 681 551 721 possumus.
608 669 746 721 Neque
782 673 964 710 veterum
995 670 1255 722 'scriptorum
1305 670 1540 711 testimonia

211 742 363 783 auxilio
392 742 508 782 nobis
538 746 656 791 sunt,
701 743 781 783 nisi
808 744 913 783 forte
949 742 1074 783 verba
1109 743 1341 791 Ciceronis,
1394 743 1539 795 quibus

214 817 255 857 C.
284 816 549 869 Antipatrum
585 815 797 856 historiam
834 816 1032 856 varietate
1068 816 1249 856 locorum
1286 829 1367 855 non
1395 817 1542 856 distin-

212 889 321 930 xisse
350 889 518 941 profert,
546 889 589 928 in
618 900 756 929 omnes
772 888 890 929 huius
913 889 1069 940 generis
1088 888 1302 939 historicos
1318 890 1541 935 transferre

211 964 285 1002 vis.
342 962 452 1010 Quae
481 973 573 1001 cum
600 962 781 1009 ita.sint,
813 963 919 1014 quod
956 963 1006 1002 de
1041 962 1117 1002 hac
1145 975 1188 1001 re
1228 975 1310 1002 non
1346 963 1542 1006 concinne

212 1035 565 1087 disputaverimus,
594 1035 712 1075 detur
738 1034 855 1074 nobis
884 1035 1013 1075 venia.
1069 1034 1165 1075 Illos
1210 1035 1333 1085 igitur
1364 1048 1431 1078 res
1468 1049 1542 1088 per

213 1107 396 1158 singulos
425 1118 552 1147 annos
583 1107 802 1157 digessisse
831 1119 923 1146 cum
951 1120 1010 1155 eo,
1040 1108 1148 1159 quod
1177 1108 1347 1148 annales
1386 1120 1412 1147 a
1439 1112 1539 1161 pon-

214 1182 321 1221 tifice
364 1180 544 1220 maximo
584 1181 814 1232 concriptos
845 1179 1135 1228 imitabantur,
1175 1183 1262 1220 tum
1298 1180 1541 1229 nominibus,

227 1253 375 1306 quibus
403 1253 482 1305 ipsi
509 1251 739 1301 laudantur,
770 1253 1017 1292 coniicimus.
1074 1252 1280 1292 Vocantur
1307 1254 1414 1293 enim
1457 1253 1543 1305 ple-

219 1338 387 1378 rumque
417 1324 655 1374 „annalium
683 1325 928 1377 scriptores“
957 1328 998 1365 et
1024 1324 1243 1377 Dionysius
1273 1326 1424 1378 apertis
1453 1338 1541 1367 ver-

228 1400 287 1440 bis
332 1399 451 1439 dicit:
509 1395 626 1447 „stoi
664 1400 755 1447 ταῖς
791 1397 1054 1451 Ἑλληνικαῖς
1101 1399 1434 1453 χρονογραφίαις
1468 1397 1544 1438 ἑοι-

216 1474 376 1513 κυῒαι.“
396 1475 426 1522 ¹)
771 1520 773 1522 ,
838 1514 840 1517 ⁴
1200 1528 1203 1530 d

320 1546 500 1593 Quacum
526 1544 711 1597 Dionysii
738 1545 940 1584 sententia
966 1545 1002 1584 si
1023 1545 1247 1595 coniungas
1275 1544 1410 1591 locum
1425 1544 1541 1585 illum

217 1619 421 1659 Ciceronis
451 1619 614 1670 saepius
640 1619 725 1658 iam
754 1617 965 1657 laudatum
980 1617 1037 1666 2),
1079 1618 1129 1657 de
1163 1620 1303 1658 nostra
1338 1618 1542 1658 sententia

215 1703 381 1744 prorsus
411 1690 588 1730 dubitari
625 1703 707 1730 non
751 1693 897 1741 potest.
954 1690 1035 1729 Sed
1074 1702 1142 1730 eos
1179 1702 1260 1730 non
1298 1686 1433 1730 ieiuno
1469 1690 1540 1730 illo

215 1763 423 1817 annalium
451 1764 723 1803 maximorum
750 1775 864 1803 more
893 1774 1154 1815 quaecunque
1195 1766 1412 1803 evenerant
1452 1764 1540 1803 sine

217 1836 301 1877 ullo
324 1848 540 1876 causarum
560 1849 744 1877 connexu
762 1835 908 1876 litteris
928 1836 1243 1886 consignavisse‚
1270 1837 1542 1887 fragmentum

215 1910 444 1962 Sempronii
471 1909 691 1960 Asellionis
720 1910 862 1955 docet,
900 1909 1009 1961 quod
1046 1909 1272 1959 argumenti
1309 1922 1433 1950 causa
1452 1910 1541 1951 vha.-
1570 1942 1572 1944 ψ

214 1984 311 2024 beat
337 1982 471 2022 locum
490 1981 543 2033 ³):
571 1981 727 2030 „Nobis
756 1994 838 2021 non
867 1981 986 2021 modo
1015 1982 1117 2021 satis
1134 1993 1237 2022 *esse
1265 1982 1405 2030 video,
1434 1983 1540 2035 quod

297 2176 315 2208 1
359 2174 400 2205 A.
425 2174 469 2204 R.
495 2181 529 2212 p.
553 2170 606 2203 21.

301 2176 337 2277 2}
363 2235 431 2267 Cic.
456 2233 494 2264 de
519 2234 602 2265 orat.
620 2232 665 2270 11,
680 2231 722 2265 12
746 2232 814 2272 (res
837 2241 947 2264 omnes
970 2231 1171 2273 singulorum
1195 2242 1351 2266 annorum
1374 2231 1544 2265 mandabat

212 2300 333 2331 litteris
355 2297 504 2339 pontifex
529 2295 706 2327 maximus.
720 2318 729 2326 .
743 2318 752 2326 .
800 2294 893 2327 Hanc
919 2294 1164 2329 similitudinem
1188 2295 1352 2328 scribendi
1375 2294 1468 2327 multi
1491 2304 1543 2326 se·
1589 2338 1594 2342 ⁴

213 2362 278 2394 cuti
302 2362 388 2392 sunt.
408 2358 445 2399 .)

295 2423 332 2463 3)
356 2418 441 2453 Gell.
472 2420 512 2452 N.
537 2421 577 2453 A.
603 2421 639 2456 V.
668 2420 719 2452 18.
