1718 2859
694 170 742 178 .-
827 148 848 187 4
939 171 982 179 .-

183 251 274 292 dole
301 253 359 293 ita
386 252 457 302 uti,
493 255 539 293 ut
571 252 749 293 maximo
778 253 846 293 illo
879 253 956 294 Dei
984 255 1089 294 dono
1118 254 1229 305 digni
1258 266 1345 295 esse
1374 254 1512 297 videa-

182 338 285 365 mur.
344 326 456 373 Quod
482 328 528 365 ut
565 326 761 366 efficiatur
788 339 839 366 ex
877 327 1016 367 multis
1054 328 1204 379 pendet
1228 327 1372 374 rebus,
1411 341 1511 381 quas

185 398 249 438 vel
275 402 422 439 natura
459 398 689 451 suppeditet
717 399 781 439 vel
819 399 1002 440 homines
1031 399 1120 440 sibi
1146 400 1225 452 ipsi
1253 404 1408 452 parent.
1444 401 1513 442 Li·

184 472 325 513 berum
353 473 459 512 enim
485 472 687 512 hominem
715 484 803 513 esse
830 472 937 514 Deus
965 472 1103 521 voluit,
1132 486 1209 526 quo
1238 473 1390 513 melius-
1409 475 1513 514 divi-

185 558 240 585 na
278 547 396 598 eopia
433 549 552 598 atque
586 545 722 586 indole
753 550 844 586 eum
885 547 1078 587 donatum
1107 559 1195 586 esse
1234 551 1512 597 cognoscatur.

184 619 273 659 Hae
300 620 425 669 igitur
446 619 635 660 libertate
663 620 722 659 ita
747 619 829 666 uti,
857 622 902 659 ut
932 619 1040 670 leges
1070 619 1227 659 divinas
1259 623 1389 672 atque.
1405 607 1513 661 vsem-

185 692 379 744 pitemas,
404 690 554 744 'quibus
583 692 719 731 omnia
745 695 952 741 reguntur,
981 691 1257 742 intelligamus
1267 693 1397 745 iisque
1418 693 1513 733 sub-

185 752 281 807 iecti
317 766 524 812 vivamus,
567 765 720 805 homini
764 765 1015 816 propositum
1057 778 1145 805 esse
1181 764 1354 806 videtur.
1405 766 1513 814 Quae

185 838 354 878 libertas
382 840 418 879 si
444 841 553 878 recte
583 837 835 887 intelligitur,
864 837 972 877 nullo
993 837 1113 877 modo
1125 838 1267 877 mirari
1286 851 1512 890 possumus,

187 912 294 964 quod
321 911 391 952 alii
418 912 497 952 alio
525 912 645 951 modo
674 911 852 950 divinam
896 910 1074 951 indolem
1116 911 1377 952 excoluerint.
1407 912 1514 953 Sane

185 985 357 1025 multum
392 986 518 1026 distat
545 984 601 1024 ab
635 984 820 1036 Europae
848 984 998 1024 diserto
1035 988 1155 1036 atque
1193 977 1514 1029 sollertixineola

184 1059 402 1099 Africanus
430 1058 522 1106 ille,
564 1059 631 1110 qui
668 1059 712 1097 in
754 1057 868 1097 silvis
895 1058 979 1098 fere
1008 1057 1226 1098 bestiarum
1264 1059 1348 1099 ritu
1385 1060 1511 1100 vitam

188 1132 300 1182 degit
340 1135 460 1184 atque
505 1130 594 1170 cibo
631 1134 808 1182 potuque
851 1133 1062 1169 contentus
1091 1142 1133 1169 se
1162 1131 1214 1170 ad
1250 1133 1408 1171 maiora
1433 1132 1514 1172 -de-

188 1206 382 1245 stinatum
410 1216 499 1243 esse
526 1203 647 1255 plane
673 1204 845 1253 ignorat.
875 1203 1012 1255 Neque
1050 1206 1185 1242 tamen
1212 1204 1304 1244 huie
1334 1205 1513 1245 divinam

188 1291 214 1317 a
239 1277 325 1318 Deo
376 1275 551 1317 indolem
595 1279 783 1326 negatam
824 1288 912 1316 esse
962 1276 1093 1315 dicere
1134 1277 1337 1316 audemus.
1392 1278 1513 1317 Cuius

190 1351 319 1390 mirae
357 1349 608 1390 diversitatis
648 1361 774 1389 eausa
801 1349 844 1387 in
873 1360 919 1388 eo
947 1348 1080 1400 potius
1115 1349 1197 1388 sita
1225 1361 1312 1388 esse
1342 1351 1512 1396 videtur,

191 1424 299 1476 quod
328 1435 418 1462 eum
445 1421 652 1462 hominum
678 1433 759 1461 una
784 1433 880 1473 pars
909 1420 1044 1464 animo
1073 1433 1145 1461 suo
1164 1422 1216 1462 ad
1228 1434 1292 1463 res
1323 1425 1512 1464 externas

190 1497 268 1537 sibi
297 1496 596 1545 subiungendas
624 1508 698 1534 usa
726 1495 790 1543 sit,
815 1495 943 1534 altera
971 1508 1060 1534 eum
1081 1496 1141 1535 ita
1157 1495 1347 1544 neglexit,
1363 1500 1408 1536 ut
1427 1497 1512 1537 fere

191 1571 325 1625 omnia
353 1568 539 1610 coelestis
584 1568 752 1618 originis
792 1568 1004 1608 commoda
1044 1568 1235 1608 amiserit.
1263 1568 1326 1608 En
1356 1570 1514 1610 sumina

193 1643 396 1683 libertatis
422 1643 497 1687 vis,
526 1642 575 1681 de
605 1654 685 1692 qua
717 1653 840 1696 supra
867 1641 1184 1692 disputavimus!

298 1715 378 1755 Sed
405 1717 450 1754 ut
480 1712 562 1752 iam
603 1713 757 1753 dietum
787 1716 860 1761 est,
889 1713 1026 1753 divina
1052 1712 1258 1753 hominum
1286 1714 1444 1754 indoles
1470 1715 1513 1754 in

193 1801 238 1827 eo
276 1787 493 1840 praeeipue
530 1787 663 1826 studio
703 1785 852 1832 elucet,
882 1786 987 1838 quod
1018 1787 1070 1826 ad
1097 1799 1163 1826 res
1191 1790 1327 1836 gestas
1354 1788 1511 1840 perspi·

193 1861 357 1901 eiendas
386 1864 506 1911 atque
550 1859 766 1898 memoriae
804 1859 1023 1899 tradendas
1064 1859 1249 1911 pertinet.
1278 1858 1512 1910 Intelligunt

193 1934 298 1975 enim
325 1933 519 1980 homines,
549 1934 619 1971 aut
647 1935 753 1971 eerte
777 1932 1049 1984 praesagiunt,
1079 1944 1129 1972 ex
1156 1932 1275 1972 rebus
1304 1933 1440 1983 gestis,
1469 1933 1513 1973 id

193 2012 255 2048 est
284 2020 334 2047 ex
363 2005 612 2055 singulorum
639 2004 844 2044 hominum
873 2006 1102 2054 gentiumve
1142 2009 1212 2045 aut
1239 2007 1416 2045 secunda
1442 2010 1514 2045 aut

192 2082 364 2121 adversa
399 2080 561 2119 fortuna
602 2078 711 2128 leges
737 2077 830 2117 illas
869 2077 954 2117 erui
981 2090 1101 2130 posse
1120 2107 1130 2125 ‚
1160 2078 1303 2131 quibus
1340 2079 1513 2119 mundus

193 2155 236 2193 in
264 2156 472 2192 aeternum
508 2154 685 2200 regatur.
723 2150 808 2189 Has
838 2154 973 2189 autem
1012 2150 1123 2199 leges
1162 2152 1274 2202 sequi
1303 2164 1348 2190 eo
1377 2152 1516 2191 volunt

193 2226 374 2273 consilio,
402 2227 449 2264 ut
475 2223 637 2263 beatam
665 2222 742 2263 sibi
778 2223 904 2262 vitam
934 2210 1177 2275 comparent.
1217 2223 1366 2271 Quodsi
1393 2224 1517 2273 igitur

193 2298 375 2339 nonnulli
386 2298 418 2350 ¹)
462 2296 670 2336 historiam
700 2296 892 2335 definiunt
919 2297 1155 2344 magistram
1183 2296 1284 2335 bene
1321 2296 1516 2350 beateque

203 2457 212 2478 ¹
279 2415 315 2487 1¹)
339 2412 451 2489 lioiyb.
476 2414 501 2449 1,
527 2412 545 2444 1
569 2411 672 2443 inuio.
716 2411 809 2442 Dion.
837 2410 940 2441 naue,
967 2410 1190 2458 Anuqanm.
1214 2412 1256 2445 11,
1279 2398 1410 2451 pj973.
1438 2411 1516 2442 nio-

195 2466 265 2488 ‹.or.
310 2480 319 2494 ,
368 2477 376 2487 .
