1718 2859
688 142 1006 184 -48-

186 248 441 301 potissimum
467 247 579 297 locis,
607 247 765 301 quibus,
791 249 945 290 utiam
973 249 1149 290 diximus
1167 282 1177 299 ,
1215 250 1321 291 inter
1351 264 1395 294 se
1422 254 1505 295 dis·-

186 319 364 380 sen'sisse
392 321 835 374 dicuntur-scriptores.
892 323 994 363 Nam
1022 323 1057 362 si
1084 323 1133 363 de
1172 335 1252 363 una
1286 325 1505 379 eademque

187 408 231 435 re
259 394 376 434 multi
401 393 635 434 ferebantur
661 395 804 441 nuntii,
831 396 1046 448 scriptores
1083 395 1227 436 litteris
1263 408 1353 445 eam
1386 409 1502 438 man-

181 469 317 509 daturi
367 467 567 507 rationem
602 466 838 507 adhiberent
876 468 1087 520 causisque
1123 468 1251 507 innixi
1293 468 1397 509 hunc
1437 470 1501 511 vel

184 541 300 583 illum
328 540 581 594 praeferrent
607 540 773 588 necesse
801 544 888 580 erat
928 542 1123 581 nuntium.
1179 541 1293 589 Quod
1327 543 1499 594 proin-

178 615 293 665 genii
344 612 667 653 diversitatff‘ita
697 612 983 664 praestabant,
1013 617 1058 654 ut
1086 613 1155 653 alii
1188 614 1497 663 inconsiderate,

185 674 446 741 quaecunque
473 689 750 737 perceperant,
780 685 969 738 operibus
995 687 1218 727 insererent
1244 690 1364 739 atque
1379 687 1496 728 fabu-

80 808 87 816 ·
146 790 151 792 f
180 760 244 800 las
272 758 558 814 propagarent,
607 757 677 797 alii
705 762 791 797 arte
820 759 995 810 quadam
1021 759 1209 798 instructi
1237 760 1369 799 causis
1381 760 1498 800 inda·

181 833 288 883 gatis
317 832 369 871 ad
381 820 663 870 verisimiliora
689 831 853 882 propius
879 831 1170 878 accederent1).
1205 831 1250 872 In
1265 832 1496 873 universum

180 906 343 958 quidem
372 905 586 944 dicendum
614 907 701 949 est,
748 903 847 943 hacc
883 904 1047 944 criticae
1073 905 1241 944 rationis
1280 906 1395 945 initia
1422 906 1495 946 hu-

175 978 290 1018 milia
339 980 379 1017 et
411 976 627 1015 ‘imbecilla
669 975 793 1015 fuisse
842 980 961 1028 atque
1003 976 1110 1016 haud
1147 989 1239 1017 raro
1277 979 1495 1031 scriptores

177 1051 338 1091 fabulas
355 1048 519 1102 fabulis
549 1049 715 1088 diluisse
745 1052 814 1087 aut
843 1061 985 1088 causas
1014 1053 1054 1088 et
1082 1051 1256 1100 origines
1274 1052 1495 1102 indagandi

176 1123 311 1164 studio
350 1121 487 1174 lapsos
525 1133 631 1160 nova
660 1132 785 1172 eaque
812 1121 951 1173 inepta
983 1122 1162 1163 finxisse.
1220 1123 1303 1170 Quo
1341 1124 1494 1164 factum

175 1201 249 1244 est,
295 1199 340 1235 ut
381 1207 462 1234 non
496 1195 645 1233 iniuste
684 1193 872 1245 Dioysius
910 1194 1131 1244 diceret2):
1175 1195 1324 1235 Ταῦτα
1354 1195 1397 1234 δὲ
1435 1195 1490 1236 τὰ

175 1266 320 1308 ἄτοπα
379 1264 610 1314 ‹tamarim-53*
652 1266 1011 1319 τῶν-Ῥωμαικῶν
1062 1268 1338 1321 συγγραφέων
1389 1269 1493 1319 τινὲς

172 1341 329 1395 ἑτέραις
374 1336 484 1379 αὐτὰ
527 1335 640 1377 λύειν
688 1336 966 1392 ἐπειράθησαν
1006 1337 1234 1387 α’τοπίαις“
1276 1345 1315 1381 et
1352 1342 1490 1382 Livius

169 1413 262 1454 illos
291 1413 509 1465 scriptores
537 1412 757 1463 respiciens
785 1411 980 1450 fateretur
1006 1409 1103 1450 hoc:
1156 1411 1268 1462 „Ego
1307 1418 1490 1465 praeter-

170 1498 291 1539 quam
331 1486 437 1538 quod
465 1484 572 1523 nihil
613 1484 802 1523 haustum
840 1495 889 1522 ex
932 1495 1034 1522 vano
1079 1483 1221 1532 velim,
1261 1496 1338 1536 quo
1367 1486 1486 1526 nimis

165 1559 364 1600 inclinant
407 1559 491 1598 fere
532 1557 794 1597 scribentium
831 1556 1046 1595 animi...“
1083 1556 1234 1608 (XXIL
1257 1558 1312 1610 7.)
1350 1559 1494 1611 Neque*

166 1632 463 1674 tameniustae
490 1632 533 1670 in
559 1630 681 1669 rebus
720 1630 895 1680 antiquis
936 1629 1226 1679 investigandis
1262 1632 1361 1681 artis
1407 1633 1485 1672 cri-

163 1707 271 1747 ticae
290 1703 675 1756 ‘exempla-omnino
704 1702 860 1751 desunt,
891 1714 1058 1754 quorum
1087 1715 1209 1742 unum
1227 1736 1236 1752 ‚
1260 1705 1483 1757 quodqui-

164 1781 256 1819 dem
285 1781 425 1831 aptum
453 1777 550 1816 mihi
577 1776 747 1823 videtur,
778 1774 955 1814 afferam.
1012 1776 1224 1826 Tarpeiam
1268 1788 1363 1816 auro
1396 1778 1481 1818 ›Sa-

161 1852 359 1891 binorum·
376 1853 606 1901 corruptam
616 1848 861 1900 Capitolium
882 1847 1064 1889 hostibus
1092 1849 1318 1899 prodidisse
1332 1848 1482 1890 Fabius

162 1925 393 1964 &Cincius
422 1923 684 1962 tradiderant.
743 1921 920 1967 Quorum
943 1922 1222 1960 vnarrationem
1258 1921 1349 1961 Piso
1393 1934 1480 1962 am-

159 1996 306 2050 plexus
347 2007 428 2034 non
468 1997 556 2040 est,
617 1992 724 2046 quod
761 1992 930 2036 Romani
967 1993 1178 2045 Tarpeiam
1206 1993 1380 2045 sepulcri
1407 1994 1479 2034 ho-

159 2081 257 2109 nore
303 2069 466 2117 dignam
509 2066 745 2106 habuissent
781 2067 895 2117 eique
926 2067 1139 2117 quotannis
1167 2067 1332 2106 inferias
1371 2068 1480 2107 face-

968 2240 1191 2253 =====

155 2305 185 2341 οἷ
205 2306 232 2339 δ’
258 2306 316 2338 ἐπί
337 2321 368 2338 τι
395 2305 437 2347 vy}
461 2305 604 2349 ἀληθείᾳ
633 2305 742 2344 ἐοικὸς
769 2307 901 2348 μᾶλλον
928 2304 1240 2344 ἀποφαι’νουσιν.-
1272 2302 1408 2349 ‘'E-ceper
1444 2306 1479 2339 δὲ

152 2368 247 2403 οὐδὲν
272 2372 337 2401 τῶν
357 2366 623 2412 μυθωδεστέρων
655 2366 826 2407 ditch-reg
859 2366 1016 2412 ἱστορικῇ
1039 2366 1163 2412 γραφῇ
1184 2367 1398 2413 προς-ἣκειν..
1415 2384 1475 2400 .--·

235 2430 274 2471 2)
300 2429 340 2461 A.
365 2430 406 2462 R.
430 2439 461 2470 p.
486 2429 561 2464 652.
