1718 2859
706 177 757 186 ...
838 154 1021 195 30·-

199 256 438 301 clarissimis
456 260 553 300 viris
581 260 834 308 ducentibus,
862 260 1086 315 splendidis
1114 261 1307 302 aedificiis
1337 264 1520 318 templis·
1562 257 1565 260 ’

200 339 278 384 que
306 332 537 372 enituerunt
563 332 697 382 nrbes,
724 332 797 373 illa·
825 333 998 387 denique
1026 334 1209 383 Graecia,
1241 346 1362 388 quam
1390 333 1522 378 adhuc

200 415 225 445 a
250 404 632 458 pueris-miramur,
669 405 836 447 iuvenili
865 407 1002 448 animo
1043 408 1240 460 praedita·
1260 410 1429 450 exstitit.
1477 411 1523 451 In

198 477 378 518 omnium
406 482 543 519 autem
572 491 641 519 ore
667 491 732 520 res
761 479 856 519 illae
885 485 1027 520 contra
1044 480 1190 521 Persas
1217 466 1424 533 praeclare
1452 496 1523 534 ge·

199 553 290 591 stae
307 555 424 592 erant
439 553 569 604 iisque
590 552 655 593 vel
672 553 864 593 canendis
892 553 957 593 vel
984 554 1199 605 pingendis
1217 555 1372 594 viterum
1402 559 1523 607 atque

197 623 345 663 iterum
382 628 526 676 poetae
564 627 684 676 atque
725 624 902 676 pictores
940 638 1104 678 operam
1147 624 1310 666 dabant.
1367 627 1454 674 Qua
1481 628 1523 667 in

195 696 491 744 iucundissima
517 697 720 737 libertatis
750 701 791 737 et
818 697 970 748 gloriae
997 698 1086 739 luce
1115 711 1255 739 omnes
1276 699 1522 740 Graecorum

196 780 284 818 ηε,
326 782 464 810 omnes
493 773 601 810 artes
630 773 751 823 atque
777 770 938 811 litterae
966 772 1131 812 mirifice
1160 772 1422 813 effloruerunt
1452 786 1522 813 ne-

198 855 275 895 que
299 846 548 896 postremum
575 843 710 884 locum
751 847 863 883 tenet
898 856 966 884 ars
1002 844 1207 885 historica.
1265 846 1370 885 Num
1397 847 1523 896 igitur

195 917 402 964 miremur,
432 918 539 968 quod
568 916 833 956 hacdemum
862 921 997 957 aetate
1024 918 1199 970 scriptor
1211 919 1415 959 exstiterit
1427 931 1521 960 vere

194 989 435 1037 historicus,
490 990 558 1041 qui
597 989 937 1041 logographorum
977 990 1137 1042 quidem
1169 992 1357 1041 'vestigiis
1379 993 1521 1042 ingre-

194 1063 309 1102 diens
338 1065 481 1114 atque,
525 1065 571 1101 ut
597 1062 657 1101 ita
696 1063 852 1110 dicam,
894 1075 1032 1102 eorum
1068 1063 1243 1103 humeris
1282 1065 1415 1104 nitens
1452 1076 1522 1104 eos

193 1138 406 1187 tantopere
433 1135 698 1187 superaverit,
727 1137 773 1174 ut
801 1135 883 1175 iam
912 1147 938 1176 a
965 1136 1168 1176 veteribus
1196 1137 1283 1176 iure
1312 1136 1366 1177 sit
1380 1137 1521 1189 appel-

192 1207 302 1248 latus
331 1207 472 1260 „pater
498 1206 718 1248 historiae“
735 1212 752 1246 ἲ

298 1301 538 1340 Primordiis
567 1302 667 1341 artis
708 1300 925 1341 historicae
955 1301 1064 1353 apud
1093 1301 1269 1341 Graecos
1299 1302 1381 1341 iam
1410 1305 1519 1346 trac-

193 1374 292 1427 tatis
321 1367 375 1413 ad

731 1429 975 1467 Romanos

192 1499 415 1556 disputatio
443 1510 486 1538 se
507 1502 652 1538 vertat.
706 1498 787 1539 Sed
826 1498 1064 1550 priusquam
1098 1498 1230 1550 ipsum
1266 1499 1522 1550 propositumv

192 1573 387 1614 adeamus
415 1572 465 1612 de
492 1571 628 1612 indole
655 1572 896 1623 ingenioque
924 1571 1198 1611 Romanorum
1227 1571 1406 1611 breviter
1433 1572 1518 1611 dis-

191 1649 378 1697 putemus
405 1656 571 1684 necesse
600 1647 674 1683 est.

295 1717 425 1757 Roma
451 1717 578 1766 igitur
614 1716 713 1756 urbs
752 1716 915 1755 condita
941 1720 1005 1756 est
1032 1728 1079 1755 ea
1107 1719 1260 1763 aetate,
1300 1726 1380 1768 qua
1409 1716 1518 1767 apud

190 1802 330 1832 omnes
355 1789 462 1829 alias
491 1792 654 1839 gentes,
697 1788 932 1840 quibuscum
971 1787 1141 1828 Romani
1176 1788 1367 1838 congredi
1402 1791 1517 1840 pote-

188 1866 295 1912 rant,
321 1863 460 1915 prima
489 1862 652 1914 quidem
678 1861 862 1902 iustIoris
899 1861 1094 1901 historiae
1128 1861 1247 1901 initia
1282 1860 1366 1900 iam
1399 1863 1518 1901 erant

189 1936 314 1975 facta.
345 1935 492 1975 Graeci
521 1935 649 1981 enim,
685 1934 753 1985 qui
779 1934 918 1974 multis
948 1934 1116 1973 coloniis
1144 1933 1286 1974 Italiae
1314 1933 1518 1972 inferioris

189 2020 284 2049 oras
310 2008 554 2055 incolebant,
587 2006 963 2057 Carthaginienses,
1001 2006 1163 2046 Etrusci
1197 2004 1452 2056 eir-mythica
1479 2007 1522 2044 et

187 2081 377 2122 fabulosa
407 2084 541 2120 aetate
569 2080 795 2132 progressi,
833 2079 952 2119 rebus
988 2091 1078 2118 cum
1102 2078 1298 2118 historiae
1326 2077 1403 2117 fide
1432 2081 1518 2117 tra-

188 2154 332 2194 dendis
363 2166 529 2206 operam
555 2153 639 2193 iam
667 2153 940 2193 adverterant.
997 2152 1078 2192 Sed
1121 2163 1214 2191 cum
1252 2154 1410 2191 constet
1446 2162 1521 2202 po-

186 2225 319 2280 pulos,
350 2227 418 2278 qui
446 2226 650 2278 frequenti
676 2227 843 2266 utantur
867 2226 975 2266 inter
1001 2236 1045 2265 se
1073 2224 1324 2271 commercio,
1354 2222 1456 2263 alios
1468 2223 1519 2263 ab

188 2299 280 2339 aliis
310 2299 485 2347 erudiri,
525 2298 612 2338 fieri
639 2311 719 2339 non
747 2299 902 2351 potuit,
946 2298 1043 2351 quin
1068 2296 1241 2338 Romani
1270 2295 1438 2337 celerius
1469 2295 1522 2336 ad

190 2384 295 2420 eum,
322 2373 366 2411 in
394 2384 472 2424 quo
501 2371 644 2411 affines
673 2374 811 2420 erant,
839 2371 1021 2411 culturae
1052 2370 1223 2421 gradum
1249 2368 1519 2421 proveheren-

185 2448 263 2487 tur.
292 2444 465 2486 Accedit
493 2444 599 2501 quod
625 2443 721 2484 inde
748 2456 773 2484 a
800 2443 951 2485 Romae
978 2443 1091 2484 urbis
1118 2442 1233 2483 initio
1254 2441 1410 2482 incolae
1425 2452 1520 2491 gra-
